%YAML 1.1
%TAG !u! tag:unity3d.com,2011:
--- !u!29 &1
OcclusionCullingSettings:
  m_ObjectHideFlags: 0
  serializedVersion: 2
  m_OcclusionBakeSettings:
    smallestOccluder: 5
    smallestHole: 0.25
    backfaceThreshold: 100
  m_SceneGUID: 00000000000000000000000000000000
  m_OcclusionCullingData: {fileID: 0}
--- !u!104 &2
RenderSettings:
  m_ObjectHideFlags: 0
  serializedVersion: 9
  m_Fog: 0
  m_FogColor: {r: 0.5, g: 0.5, b: 0.5, a: 1}
  m_FogMode: 3
  m_FogDensity: 0.01
  m_LinearFogStart: 0
  m_LinearFogEnd: 300
  m_AmbientSkyColor: {r: 0.212, g: 0.227, b: 0.259, a: 1}
  m_AmbientEquatorColor: {r: 0.114, g: 0.125, b: 0.133, a: 1}
  m_AmbientGroundColor: {r: 0.047, g: 0.043, b: 0.035, a: 1}
  m_AmbientIntensity: 1
  m_AmbientMode: 0
  m_SubtractiveShadowColor: {r: 0.42, g: 0.478, b: 0.627, a: 1}
  m_SkyboxMaterial: {fileID: 10304, guid: 0000000000000000f000000000000000, type: 0}
  m_HaloStrength: 0.5
  m_FlareStrength: 1
  m_FlareFadeSpeed: 3
  m_HaloTexture: {fileID: 0}
  m_SpotCookie: {fileID: 10001, guid: 0000000000000000e000000000000000, type: 0}
  m_DefaultReflectionMode: 0
  m_DefaultReflectionResolution: 128
  m_ReflectionBounces: 1
  m_ReflectionIntensity: 1
  m_CustomReflection: {fileID: 0}
  m_Sun: {fileID: 0}
  m_IndirectSpecularColor: {r: 0.44216484, g: 0.48410696, b: 0.532967, a: 1}
  m_UseRadianceAmbientProbe: 0
--- !u!157 &3
LightmapSettings:
  m_ObjectHideFlags: 0
  serializedVersion: 11
  m_GIWorkflowMode: 0
  m_GISettings:
    serializedVersion: 2
    m_BounceScale: 1
    m_IndirectOutputScale: 1
    m_AlbedoBoost: 1
    m_TemporalCoherenceThreshold: 1
    m_EnvironmentLightingMode: 0
    m_EnableBakedLightmaps: 1
    m_EnableRealtimeLightmaps: 0
  m_LightmapEditorSettings:
    serializedVersion: 10
    m_Resolution: 2
    m_BakeResolution: 10
    m_AtlasSize: 512
    m_AO: 0
    m_AOMaxDistance: 1
    m_CompAOExponent: 1
    m_CompAOExponentDirect: 0
    m_Padding: 2
    m_LightmapParameters: {fileID: 0}
    m_LightmapsBakeMode: 1
    m_TextureCompression: 1
    m_FinalGather: 0
    m_FinalGatherFiltering: 1
    m_FinalGatherRayCount: 256
    m_ReflectionCompression: 2
    m_MixedBakeMode: 2
    m_BakeBackend: 1
    m_PVRSampling: 1
    m_PVRDirectSampleCount: 32
    m_PVRSampleCount: 256
    m_PVRBounces: 2
    m_PVRFilterTypeDirect: 0
    m_PVRFilterTypeIndirect: 0
    m_PVRFilterTypeAO: 0
    m_PVRFilteringMode: 1
    m_PVRCulling: 1
    m_PVRFilteringGaussRadiusDirect: 1
    m_PVRFilteringGaussRadiusIndirect: 5
    m_PVRFilteringGaussRadiusAO: 2
    m_PVRFilteringAtrousPositionSigmaDirect: 0.5
    m_PVRFilteringAtrousPositionSigmaIndirect: 2
    m_PVRFilteringAtrousPositionSigmaAO: 1
    m_ShowResolutionOverlay: 1
  m_LightingDataAsset: {fileID: 0}
  m_UseShadowmask: 1
--- !u!196 &4
NavMeshSettings:
  serializedVersion: 2
  m_ObjectHideFlags: 0
  m_BuildSettings:
    serializedVersion: 2
    agentTypeID: 0
    agentRadius: 0.5
    agentHeight: 2
    agentSlope: 45
    agentClimb: 0.4
    ledgeDropHeight: 0
    maxJumpAcrossDistance: 0
    minRegionArea: 2
    manualCellSize: 0
    cellSize: 0.16666667
    manualTileSize: 0
    tileSize: 256
    accuratePlacement: 0
    debug:
      m_Flags: 0
  m_NavMeshData: {fileID: 0}
--- !u!1 &15984155
GameObject:
  m_ObjectHideFlags: 0
  m_CorrespondingSourceObject: {fileID: 0}
  m_PrefabInternal: {fileID: 0}
  serializedVersion: 6
  m_Component:
  - component: {fileID: 15984156}
  - component: {fileID: 15984157}
  m_Layer: 0
  m_Name: Directional Light (1)
  m_TagString: Untagged
  m_Icon: {fileID: 0}
  m_NavMeshLayer: 0
  m_StaticEditorFlags: 0
  m_IsActive: 1
--- !u!4 &15984156
Transform:
  m_ObjectHideFlags: 0
  m_CorrespondingSourceObject: {fileID: 0}
  m_PrefabInternal: {fileID: 0}
  m_GameObject: {fileID: 15984155}
  m_LocalRotation: {x: 0.084352925, y: -0.8621831, z: 0.27498502, w: 0.4170231}
  m_LocalPosition: {x: 0, y: 0, z: 0}
  m_LocalScale: {x: 1, y: 1, z: 1}
  m_Children: []
  m_Father: {fileID: 693645012}
  m_RootOrder: 0
  m_LocalEulerAnglesHint: {x: 12.774, y: -91.387, z: -18.54}
--- !u!108 &15984157
Light:
  m_ObjectHideFlags: 0
  m_CorrespondingSourceObject: {fileID: 0}
  m_PrefabInternal: {fileID: 0}
  m_GameObject: {fileID: 15984155}
  m_Enabled: 1
  serializedVersion: 8
  m_Type: 1
  m_Color: {r: 1, g: 0.95686275, b: 0.8392157, a: 1}
  m_Intensity: 1.5
  m_Range: 10
  m_SpotAngle: 30
  m_CookieSize: 10
  m_Shadows:
    m_Type: 2
    m_Resolution: 1
    m_CustomResolution: -1
    m_Strength: 0.582
    m_Bias: 0.05
    m_NormalBias: 0.4
    m_NearPlane: 0.2
  m_Cookie: {fileID: 0}
  m_DrawHalo: 0
  m_Flare: {fileID: 0}
  m_RenderMode: 0
  m_CullingMask:
    serializedVersion: 2
    m_Bits: 4294967295
  m_Lightmapping: 4
  m_LightShadowCasterMode: 0
  m_AreaSize: {x: 1, y: 1}
  m_BounceIntensity: 1
  m_ColorTemperature: 6570
  m_UseColorTemperature: 0
  m_ShadowRadius: 0
  m_ShadowAngle: 0
--- !u!1001 &34624813
Prefab:
  m_ObjectHideFlags: 0
  serializedVersion: 2
  m_Modification:
    m_TransformParent: {fileID: 0}
    m_Modifications:
    - target: {fileID: 4000014006638896, guid: a4475e147b98e59469ab06ad348bd9e3, type: 2}
      propertyPath: m_LocalPosition.x
      value: 0
      objectReference: {fileID: 0}
    - target: {fileID: 4000014006638896, guid: a4475e147b98e59469ab06ad348bd9e3, type: 2}
      propertyPath: m_LocalPosition.y
      value: 0
      objectReference: {fileID: 0}
    - target: {fileID: 4000014006638896, guid: a4475e147b98e59469ab06ad348bd9e3, type: 2}
      propertyPath: m_LocalPosition.z
      value: 0
      objectReference: {fileID: 0}
    - target: {fileID: 4000014006638896, guid: a4475e147b98e59469ab06ad348bd9e3, type: 2}
      propertyPath: m_LocalRotation.x
      value: -0
      objectReference: {fileID: 0}
    - target: {fileID: 4000014006638896, guid: a4475e147b98e59469ab06ad348bd9e3, type: 2}
      propertyPath: m_LocalRotation.y
      value: -0
      objectReference: {fileID: 0}
    - target: {fileID: 4000014006638896, guid: a4475e147b98e59469ab06ad348bd9e3, type: 2}
      propertyPath: m_LocalRotation.z
      value: -0
      objectReference: {fileID: 0}
    - target: {fileID: 4000014006638896, guid: a4475e147b98e59469ab06ad348bd9e3, type: 2}
      propertyPath: m_LocalRotation.w
      value: 1
      objectReference: {fileID: 0}
    - target: {fileID: 4000014006638896, guid: a4475e147b98e59469ab06ad348bd9e3, type: 2}
      propertyPath: m_RootOrder
      value: 3
      objectReference: {fileID: 0}
    - target: {fileID: 114000013342654558, guid: a4475e147b98e59469ab06ad348bd9e3,
        type: 2}
      propertyPath: Read
      value: 1
      objectReference: {fileID: 0}
    - target: {fileID: 114000013342654558, guid: a4475e147b98e59469ab06ad348bd9e3,
        type: 2}
      propertyPath: InitializeHands
      value: 1
      objectReference: {fileID: 0}
    - target: {fileID: 114000013342654558, guid: a4475e147b98e59469ab06ad348bd9e3,
        type: 2}
      propertyPath: ShowStatistics
      value: 1
      objectReference: {fileID: 0}
    - target: {fileID: 114000013342654558, guid: a4475e147b98e59469ab06ad348bd9e3,
        type: 2}
      propertyPath: TEST2
      value: 0
      objectReference: {fileID: 0}
    - target: {fileID: 114000013342654558, guid: a4475e147b98e59469ab06ad348bd9e3,
        type: 2}
      propertyPath: _statistics._draw
      value: 0
      objectReference: {fileID: 0}
    m_RemovedComponents: []
  m_SourcePrefab: {fileID: 100100000, guid: a4475e147b98e59469ab06ad348bd9e3, type: 2}
  m_IsPrefabAsset: 0
--- !u!1 &52808924 stripped
GameObject:
  m_CorrespondingSourceObject: {fileID: 100000, guid: cce337fed9dff4b619340b0f41b0776d,
    type: 3}
  m_PrefabInternal: {fileID: 1131681884}
--- !u!54 &52808925
Rigidbody:
  m_ObjectHideFlags: 0
  m_CorrespondingSourceObject: {fileID: 0}
  m_PrefabInternal: {fileID: 0}
  m_GameObject: {fileID: 52808924}
  serializedVersion: 2
  m_Mass: 1
  m_Drag: 5
  m_AngularDrag: 5
  m_UseGravity: 0
  m_IsKinematic: 1
  m_Interpolate: 0
  m_Constraints: 0
  m_CollisionDetection: 0
--- !u!64 &52808926
MeshCollider:
  m_ObjectHideFlags: 0
  m_CorrespondingSourceObject: {fileID: 0}
  m_PrefabInternal: {fileID: 0}
  m_GameObject: {fileID: 52808924}
  m_Material: {fileID: 0}
  m_IsTrigger: 0
  m_Enabled: 1
  serializedVersion: 3
  m_Convex: 0
  m_CookingOptions: 14
  m_SkinWidth: 0.01
  m_Mesh: {fileID: 4300000, guid: cce337fed9dff4b619340b0f41b0776d, type: 3}
--- !u!114 &52808927
MonoBehaviour:
  m_ObjectHideFlags: 0
  m_CorrespondingSourceObject: {fileID: 0}
  m_PrefabInternal: {fileID: 0}
  m_GameObject: {fileID: 52808924}
  m_Enabled: 1
  m_EditorHideFlags: 0
  m_Script: {fileID: 11500000, guid: 45bd94a85c17ec4418225806a214312f, type: 3}
  m_Name: 
  m_EditorClassIdentifier: 
  _targetTransform: {fileID: 0}
  _events:
    _engaged:
      m_PersistentCalls:
        m_Calls: []
      m_TypeName: Meta.MetaInteractionDataEvent, Assembly-CSharp, Version=0.0.0.0,
        Culture=neutral, PublicKeyToken=null
    _disengaged:
      m_PersistentCalls:
        m_Calls: []
      m_TypeName: Meta.MetaInteractionDataEvent, Assembly-CSharp, Version=0.0.0.0,
        Culture=neutral, PublicKeyToken=null
    _hoverStart:
      m_PersistentCalls:
        m_Calls: []
      m_TypeName: Meta.MetaInteractionDataEvent, Assembly-CSharp, Version=0.0.0.0,
        Culture=neutral, PublicKeyToken=null
    _hoverEnd:
      m_PersistentCalls:
        m_Calls: []
      m_TypeName: Meta.MetaInteractionDataEvent, Assembly-CSharp, Version=0.0.0.0,
        Culture=neutral, PublicKeyToken=null
--- !u!114 &52808928
MonoBehaviour:
  m_ObjectHideFlags: 0
  m_CorrespondingSourceObject: {fileID: 0}
  m_PrefabInternal: {fileID: 0}
  m_GameObject: {fileID: 52808924}
  m_Enabled: 1
  m_EditorHideFlags: 0
  m_Script: {fileID: 11500000, guid: ea67a886b13fbff4395b0caf9c5a041f, type: 3}
  m_Name: 
  m_EditorClassIdentifier: 
  _targetTransform: {fileID: 0}
  _events:
    _engaged:
      m_PersistentCalls:
        m_Calls: []
      m_TypeName: Meta.MetaInteractionDataEvent, Assembly-CSharp, Version=0.0.0.0,
        Culture=neutral, PublicKeyToken=null
    _disengaged:
      m_PersistentCalls:
        m_Calls: []
      m_TypeName: Meta.MetaInteractionDataEvent, Assembly-CSharp, Version=0.0.0.0,
        Culture=neutral, PublicKeyToken=null
    _hoverStart:
      m_PersistentCalls:
        m_Calls: []
      m_TypeName: Meta.MetaInteractionDataEvent, Assembly-CSharp, Version=0.0.0.0,
        Culture=neutral, PublicKeyToken=null
    _hoverEnd:
      m_PersistentCalls:
        m_Calls: []
      m_TypeName: Meta.MetaInteractionDataEvent, Assembly-CSharp, Version=0.0.0.0,
        Culture=neutral, PublicKeyToken=null
--- !u!114 &52808929
MonoBehaviour:
  m_ObjectHideFlags: 0
  m_CorrespondingSourceObject: {fileID: 0}
  m_PrefabInternal: {fileID: 0}
  m_GameObject: {fileID: 52808924}
  m_Enabled: 1
  m_EditorHideFlags: 0
  m_Script: {fileID: 11500000, guid: 802fb631bf3d414478d36e2d114aed2e, type: 3}
  m_Name: 
  m_EditorClassIdentifier: 
  _targetTransform: {fileID: 0}
  _events:
    _engaged:
      m_PersistentCalls:
        m_Calls: []
      m_TypeName: Meta.MetaInteractionDataEvent, Assembly-CSharp, Version=0.0.0.0,
        Culture=neutral, PublicKeyToken=null
    _disengaged:
      m_PersistentCalls:
        m_Calls: []
      m_TypeName: Meta.MetaInteractionDataEvent, Assembly-CSharp, Version=0.0.0.0,
        Culture=neutral, PublicKeyToken=null
    _hoverStart:
      m_PersistentCalls:
        m_Calls: []
      m_TypeName: Meta.MetaInteractionDataEvent, Assembly-CSharp, Version=0.0.0.0,
        Culture=neutral, PublicKeyToken=null
    _hoverEnd:
      m_PersistentCalls:
        m_Calls: []
      m_TypeName: Meta.MetaInteractionDataEvent, Assembly-CSharp, Version=0.0.0.0,
        Culture=neutral, PublicKeyToken=null
  _minSize: {x: 0.3, y: 0.3}
  _maxSize: {x: 2, y: 2}
  _scaleSizeDelta: 0
  _scaleChanged:
    m_PersistentCalls:
      m_Calls: []
    m_TypeName: Meta.Vector3UnityEvent, Assembly-CSharp, Version=0.0.0.0, Culture=neutral,
      PublicKeyToken=null
  _exponentialScaling: 0
--- !u!1 &63816698
GameObject:
  m_ObjectHideFlags: 0
  m_CorrespondingSourceObject: {fileID: 0}
  m_PrefabInternal: {fileID: 0}
  serializedVersion: 6
  m_Component:
  - component: {fileID: 63816699}
  m_Layer: 0
  m_Name: GameObject
  m_TagString: Untagged
  m_Icon: {fileID: 0}
  m_NavMeshLayer: 0
  m_StaticEditorFlags: 0
  m_IsActive: 0
--- !u!4 &63816699
Transform:
  m_ObjectHideFlags: 0
  m_CorrespondingSourceObject: {fileID: 0}
  m_PrefabInternal: {fileID: 0}
  m_GameObject: {fileID: 63816698}
  m_LocalRotation: {x: 0, y: 0, z: 0, w: 1}
  m_LocalPosition: {x: 0, y: 0, z: 0}
  m_LocalScale: {x: 500, y: 500, z: 500}
  m_Children:
  - {fileID: 333447326}
  m_Father: {fileID: 0}
  m_RootOrder: 6
  m_LocalEulerAnglesHint: {x: 0, y: 0, z: 0}
--- !u!1 &148813234 stripped
GameObject:
  m_CorrespondingSourceObject: {fileID: 100000, guid: 0e2812df7110b4896bf9065d37c98dca,
    type: 3}
  m_PrefabInternal: {fileID: 851360186}
--- !u!54 &148813235
Rigidbody:
  m_ObjectHideFlags: 0
  m_CorrespondingSourceObject: {fileID: 0}
  m_PrefabInternal: {fileID: 0}
  m_GameObject: {fileID: 148813234}
  serializedVersion: 2
  m_Mass: 1
  m_Drag: 5
  m_AngularDrag: 5
  m_UseGravity: 0
  m_IsKinematic: 1
  m_Interpolate: 0
  m_Constraints: 0
  m_CollisionDetection: 0
--- !u!64 &148813236
MeshCollider:
  m_ObjectHideFlags: 0
  m_CorrespondingSourceObject: {fileID: 0}
  m_PrefabInternal: {fileID: 0}
  m_GameObject: {fileID: 148813234}
  m_Material: {fileID: 0}
  m_IsTrigger: 0
  m_Enabled: 1
  serializedVersion: 3
  m_Convex: 0
  m_CookingOptions: 14
  m_SkinWidth: 0.01
  m_Mesh: {fileID: 4300000, guid: 0e2812df7110b4896bf9065d37c98dca, type: 3}
--- !u!114 &148813237
MonoBehaviour:
  m_ObjectHideFlags: 0
  m_CorrespondingSourceObject: {fileID: 0}
  m_PrefabInternal: {fileID: 0}
  m_GameObject: {fileID: 148813234}
  m_Enabled: 1
  m_EditorHideFlags: 0
  m_Script: {fileID: 11500000, guid: 45bd94a85c17ec4418225806a214312f, type: 3}
  m_Name: 
  m_EditorClassIdentifier: 
  _targetTransform: {fileID: 0}
  _events:
    _engaged:
      m_PersistentCalls:
        m_Calls: []
      m_TypeName: Meta.MetaInteractionDataEvent, Assembly-CSharp, Version=0.0.0.0,
        Culture=neutral, PublicKeyToken=null
    _disengaged:
      m_PersistentCalls:
        m_Calls: []
      m_TypeName: Meta.MetaInteractionDataEvent, Assembly-CSharp, Version=0.0.0.0,
        Culture=neutral, PublicKeyToken=null
    _hoverStart:
      m_PersistentCalls:
        m_Calls: []
      m_TypeName: Meta.MetaInteractionDataEvent, Assembly-CSharp, Version=0.0.0.0,
        Culture=neutral, PublicKeyToken=null
    _hoverEnd:
      m_PersistentCalls:
        m_Calls: []
      m_TypeName: Meta.MetaInteractionDataEvent, Assembly-CSharp, Version=0.0.0.0,
        Culture=neutral, PublicKeyToken=null
--- !u!114 &148813238
MonoBehaviour:
  m_ObjectHideFlags: 0
  m_CorrespondingSourceObject: {fileID: 0}
  m_PrefabInternal: {fileID: 0}
  m_GameObject: {fileID: 148813234}
  m_Enabled: 1
  m_EditorHideFlags: 0
  m_Script: {fileID: 11500000, guid: ea67a886b13fbff4395b0caf9c5a041f, type: 3}
  m_Name: 
  m_EditorClassIdentifier: 
  _targetTransform: {fileID: 0}
  _events:
    _engaged:
      m_PersistentCalls:
        m_Calls: []
      m_TypeName: Meta.MetaInteractionDataEvent, Assembly-CSharp, Version=0.0.0.0,
        Culture=neutral, PublicKeyToken=null
    _disengaged:
      m_PersistentCalls:
        m_Calls: []
      m_TypeName: Meta.MetaInteractionDataEvent, Assembly-CSharp, Version=0.0.0.0,
        Culture=neutral, PublicKeyToken=null
    _hoverStart:
      m_PersistentCalls:
        m_Calls: []
      m_TypeName: Meta.MetaInteractionDataEvent, Assembly-CSharp, Version=0.0.0.0,
        Culture=neutral, PublicKeyToken=null
    _hoverEnd:
      m_PersistentCalls:
        m_Calls: []
      m_TypeName: Meta.MetaInteractionDataEvent, Assembly-CSharp, Version=0.0.0.0,
        Culture=neutral, PublicKeyToken=null
--- !u!114 &148813239
MonoBehaviour:
  m_ObjectHideFlags: 0
  m_CorrespondingSourceObject: {fileID: 0}
  m_PrefabInternal: {fileID: 0}
  m_GameObject: {fileID: 148813234}
  m_Enabled: 1
  m_EditorHideFlags: 0
  m_Script: {fileID: 11500000, guid: 802fb631bf3d414478d36e2d114aed2e, type: 3}
  m_Name: 
  m_EditorClassIdentifier: 
  _targetTransform: {fileID: 0}
  _events:
    _engaged:
      m_PersistentCalls:
        m_Calls: []
      m_TypeName: Meta.MetaInteractionDataEvent, Assembly-CSharp, Version=0.0.0.0,
        Culture=neutral, PublicKeyToken=null
    _disengaged:
      m_PersistentCalls:
        m_Calls: []
      m_TypeName: Meta.MetaInteractionDataEvent, Assembly-CSharp, Version=0.0.0.0,
        Culture=neutral, PublicKeyToken=null
    _hoverStart:
      m_PersistentCalls:
        m_Calls: []
      m_TypeName: Meta.MetaInteractionDataEvent, Assembly-CSharp, Version=0.0.0.0,
        Culture=neutral, PublicKeyToken=null
    _hoverEnd:
      m_PersistentCalls:
        m_Calls: []
      m_TypeName: Meta.MetaInteractionDataEvent, Assembly-CSharp, Version=0.0.0.0,
        Culture=neutral, PublicKeyToken=null
  _minSize: {x: 0.3, y: 0.3}
  _maxSize: {x: 2, y: 2}
  _scaleSizeDelta: 0
  _scaleChanged:
    m_PersistentCalls:
      m_Calls: []
    m_TypeName: Meta.Vector3UnityEvent, Assembly-CSharp, Version=0.0.0.0, Culture=neutral,
      PublicKeyToken=null
  _exponentialScaling: 0
--- !u!1001 &237093435
Prefab:
  m_ObjectHideFlags: 0
  serializedVersion: 2
  m_Modification:
    m_TransformParent: {fileID: 1386177905}
    m_Modifications:
    - target: {fileID: 400002, guid: 6680e6e93f8b44bb7a024e58cfb8661e, type: 3}
      propertyPath: m_LocalPosition.x
      value: 0
      objectReference: {fileID: 0}
    - target: {fileID: 400002, guid: 6680e6e93f8b44bb7a024e58cfb8661e, type: 3}
      propertyPath: m_LocalPosition.y
      value: 0
      objectReference: {fileID: 0}
    - target: {fileID: 400002, guid: 6680e6e93f8b44bb7a024e58cfb8661e, type: 3}
      propertyPath: m_LocalPosition.z
      value: 0
      objectReference: {fileID: 0}
    - target: {fileID: 400002, guid: 6680e6e93f8b44bb7a024e58cfb8661e, type: 3}
      propertyPath: m_LocalRotation.x
      value: -0
      objectReference: {fileID: 0}
    - target: {fileID: 400002, guid: 6680e6e93f8b44bb7a024e58cfb8661e, type: 3}
      propertyPath: m_LocalRotation.y
      value: -0
      objectReference: {fileID: 0}
    - target: {fileID: 400002, guid: 6680e6e93f8b44bb7a024e58cfb8661e, type: 3}
      propertyPath: m_LocalRotation.z
      value: -0
      objectReference: {fileID: 0}
    - target: {fileID: 400002, guid: 6680e6e93f8b44bb7a024e58cfb8661e, type: 3}
      propertyPath: m_LocalRotation.w
      value: 1
      objectReference: {fileID: 0}
    - target: {fileID: 400002, guid: 6680e6e93f8b44bb7a024e58cfb8661e, type: 3}
      propertyPath: m_RootOrder
      value: 3
      objectReference: {fileID: 0}
    - target: {fileID: 2300000, guid: 6680e6e93f8b44bb7a024e58cfb8661e, type: 3}
      propertyPath: m_Materials.Array.data[0]
      value: 
      objectReference: {fileID: 2100000, guid: 53f11deeacb7d409092df386b8bdfab6, type: 2}
    m_RemovedComponents: []
  m_SourcePrefab: {fileID: 100100000, guid: 6680e6e93f8b44bb7a024e58cfb8661e, type: 3}
  m_IsPrefabAsset: 0
--- !u!4 &237093436 stripped
Transform:
  m_CorrespondingSourceObject: {fileID: 400002, guid: 6680e6e93f8b44bb7a024e58cfb8661e,
    type: 3}
  m_PrefabInternal: {fileID: 237093435}
--- !u!1001 &306404219
Prefab:
  m_ObjectHideFlags: 0
  serializedVersion: 2
  m_Modification:
    m_TransformParent: {fileID: 1386177905}
    m_Modifications:
    - target: {fileID: 400002, guid: ef5f02c3a7aee4c65816037563fcbf1d, type: 3}
      propertyPath: m_LocalPosition.x
      value: 0
      objectReference: {fileID: 0}
    - target: {fileID: 400002, guid: ef5f02c3a7aee4c65816037563fcbf1d, type: 3}
      propertyPath: m_LocalPosition.y
      value: 0
      objectReference: {fileID: 0}
    - target: {fileID: 400002, guid: ef5f02c3a7aee4c65816037563fcbf1d, type: 3}
      propertyPath: m_LocalPosition.z
      value: 0
      objectReference: {fileID: 0}
    - target: {fileID: 400002, guid: ef5f02c3a7aee4c65816037563fcbf1d, type: 3}
      propertyPath: m_LocalRotation.x
      value: -0
      objectReference: {fileID: 0}
    - target: {fileID: 400002, guid: ef5f02c3a7aee4c65816037563fcbf1d, type: 3}
      propertyPath: m_LocalRotation.y
      value: -0
      objectReference: {fileID: 0}
    - target: {fileID: 400002, guid: ef5f02c3a7aee4c65816037563fcbf1d, type: 3}
      propertyPath: m_LocalRotation.z
      value: -0
      objectReference: {fileID: 0}
    - target: {fileID: 400002, guid: ef5f02c3a7aee4c65816037563fcbf1d, type: 3}
      propertyPath: m_LocalRotation.w
      value: 1
      objectReference: {fileID: 0}
    - target: {fileID: 400002, guid: ef5f02c3a7aee4c65816037563fcbf1d, type: 3}
      propertyPath: m_RootOrder
      value: 1
      objectReference: {fileID: 0}
    - target: {fileID: 100002, guid: ef5f02c3a7aee4c65816037563fcbf1d, type: 3}
      propertyPath: m_IsActive
      value: 1
      objectReference: {fileID: 0}
    m_RemovedComponents: []
  m_SourcePrefab: {fileID: 100100000, guid: ef5f02c3a7aee4c65816037563fcbf1d, type: 3}
  m_IsPrefabAsset: 0
--- !u!4 &306404220 stripped
Transform:
  m_CorrespondingSourceObject: {fileID: 400002, guid: ef5f02c3a7aee4c65816037563fcbf1d,
    type: 3}
  m_PrefabInternal: {fileID: 306404219}
--- !u!1 &333447321
GameObject:
  m_ObjectHideFlags: 0
  m_CorrespondingSourceObject: {fileID: 0}
  m_PrefabInternal: {fileID: 0}
  serializedVersion: 6
  m_Component:
  - component: {fileID: 333447326}
  - component: {fileID: 333447325}
  - component: {fileID: 333447324}
  - component: {fileID: 333447323}
  - component: {fileID: 333447322}
  - component: {fileID: 333447328}
  - component: {fileID: 333447327}
  m_Layer: 0
  m_Name: Sphere
  m_TagString: Untagged
  m_Icon: {fileID: 0}
  m_NavMeshLayer: 0
  m_StaticEditorFlags: 0
  m_IsActive: 1
--- !u!114 &333447322
MonoBehaviour:
  m_ObjectHideFlags: 0
  m_CorrespondingSourceObject: {fileID: 0}
  m_PrefabInternal: {fileID: 0}
  m_GameObject: {fileID: 333447321}
  m_Enabled: 1
  m_EditorHideFlags: 0
  m_Script: {fileID: 11500000, guid: 45bd94a85c17ec4418225806a214312f, type: 3}
  m_Name: 
  m_EditorClassIdentifier: 
  _targetTransform: {fileID: 0}
  _events:
    _engaged:
      m_PersistentCalls:
        m_Calls: []
      m_TypeName: Meta.MetaInteractionDataEvent, Assembly-CSharp, Version=0.0.0.0,
        Culture=neutral, PublicKeyToken=null
    _disengaged:
      m_PersistentCalls:
        m_Calls: []
      m_TypeName: Meta.MetaInteractionDataEvent, Assembly-CSharp, Version=0.0.0.0,
        Culture=neutral, PublicKeyToken=null
    _hoverStart:
      m_PersistentCalls:
        m_Calls: []
      m_TypeName: Meta.MetaInteractionDataEvent, Assembly-CSharp, Version=0.0.0.0,
        Culture=neutral, PublicKeyToken=null
    _hoverEnd:
      m_PersistentCalls:
        m_Calls: []
      m_TypeName: Meta.MetaInteractionDataEvent, Assembly-CSharp, Version=0.0.0.0,
        Culture=neutral, PublicKeyToken=null
--- !u!135 &333447323
SphereCollider:
  m_ObjectHideFlags: 0
  m_CorrespondingSourceObject: {fileID: 0}
  m_PrefabInternal: {fileID: 0}
  m_GameObject: {fileID: 333447321}
  m_Material: {fileID: 0}
  m_IsTrigger: 0
  m_Enabled: 1
  serializedVersion: 2
  m_Radius: 0.5
  m_Center: {x: 0, y: 0, z: 0}
--- !u!23 &333447324
MeshRenderer:
  m_ObjectHideFlags: 0
  m_CorrespondingSourceObject: {fileID: 0}
  m_PrefabInternal: {fileID: 0}
  m_GameObject: {fileID: 333447321}
  m_Enabled: 1
  m_CastShadows: 1
  m_ReceiveShadows: 1
  m_DynamicOccludee: 1
  m_MotionVectors: 1
  m_LightProbeUsage: 1
  m_ReflectionProbeUsage: 1
  m_RenderingLayerMask: 4294967295
  m_Materials:
  - {fileID: 10303, guid: 0000000000000000f000000000000000, type: 0}
  m_StaticBatchInfo:
    firstSubMesh: 0
    subMeshCount: 0
  m_StaticBatchRoot: {fileID: 0}
  m_ProbeAnchor: {fileID: 0}
  m_LightProbeVolumeOverride: {fileID: 0}
  m_ScaleInLightmap: 1
  m_PreserveUVs: 0
  m_IgnoreNormalsForChartDetection: 0
  m_ImportantGI: 0
  m_StitchLightmapSeams: 0
  m_SelectedEditorRenderState: 3
  m_MinimumChartSize: 4
  m_AutoUVMaxDistance: 0.5
  m_AutoUVMaxAngle: 89
  m_LightmapParameters: {fileID: 0}
  m_SortingLayerID: 0
  m_SortingLayer: 0
  m_SortingOrder: 0
--- !u!33 &333447325
MeshFilter:
  m_ObjectHideFlags: 0
  m_CorrespondingSourceObject: {fileID: 0}
  m_PrefabInternal: {fileID: 0}
  m_GameObject: {fileID: 333447321}
  m_Mesh: {fileID: 10207, guid: 0000000000000000e000000000000000, type: 0}
--- !u!4 &333447326
Transform:
  m_ObjectHideFlags: 0
  m_CorrespondingSourceObject: {fileID: 0}
  m_PrefabInternal: {fileID: 0}
  m_GameObject: {fileID: 333447321}
  m_LocalRotation: {x: -0, y: -0, z: -0, w: 1}
  m_LocalPosition: {x: 0.000040466548, y: -0.000336, z: 0.00082400005}
  m_LocalScale: {x: 0.0005, y: 0.0005, z: 0.0005}
  m_Children: []
  m_Father: {fileID: 63816699}
  m_RootOrder: 0
  m_LocalEulerAnglesHint: {x: 0, y: 0, z: 0}
--- !u!114 &333447327
MonoBehaviour:
  m_ObjectHideFlags: 0
  m_CorrespondingSourceObject: {fileID: 0}
  m_PrefabInternal: {fileID: 0}
  m_GameObject: {fileID: 333447321}
  m_Enabled: 1
  m_EditorHideFlags: 0
  m_Script: {fileID: 11500000, guid: ea67a886b13fbff4395b0caf9c5a041f, type: 3}
  m_Name: 
  m_EditorClassIdentifier: 
  _targetTransform: {fileID: 0}
  _events:
    _engaged:
      m_PersistentCalls:
        m_Calls: []
      m_TypeName: Meta.MetaInteractionDataEvent, Assembly-CSharp, Version=0.0.0.0,
        Culture=neutral, PublicKeyToken=null
    _disengaged:
      m_PersistentCalls:
        m_Calls: []
      m_TypeName: Meta.MetaInteractionDataEvent, Assembly-CSharp, Version=0.0.0.0,
        Culture=neutral, PublicKeyToken=null
    _hoverStart:
      m_PersistentCalls:
        m_Calls: []
      m_TypeName: Meta.MetaInteractionDataEvent, Assembly-CSharp, Version=0.0.0.0,
        Culture=neutral, PublicKeyToken=null
    _hoverEnd:
      m_PersistentCalls:
        m_Calls: []
      m_TypeName: Meta.MetaInteractionDataEvent, Assembly-CSharp, Version=0.0.0.0,
        Culture=neutral, PublicKeyToken=null
--- !u!114 &333447328
MonoBehaviour:
  m_ObjectHideFlags: 0
  m_CorrespondingSourceObject: {fileID: 0}
  m_PrefabInternal: {fileID: 0}
  m_GameObject: {fileID: 333447321}
  m_Enabled: 1
  m_EditorHideFlags: 0
  m_Script: {fileID: 11500000, guid: 802fb631bf3d414478d36e2d114aed2e, type: 3}
  m_Name: 
  m_EditorClassIdentifier: 
  _targetTransform: {fileID: 0}
  _events:
    _engaged:
      m_PersistentCalls:
        m_Calls: []
      m_TypeName: Meta.MetaInteractionDataEvent, Assembly-CSharp, Version=0.0.0.0,
        Culture=neutral, PublicKeyToken=null
    _disengaged:
      m_PersistentCalls:
        m_Calls: []
      m_TypeName: Meta.MetaInteractionDataEvent, Assembly-CSharp, Version=0.0.0.0,
        Culture=neutral, PublicKeyToken=null
    _hoverStart:
      m_PersistentCalls:
        m_Calls: []
      m_TypeName: Meta.MetaInteractionDataEvent, Assembly-CSharp, Version=0.0.0.0,
        Culture=neutral, PublicKeyToken=null
    _hoverEnd:
      m_PersistentCalls:
        m_Calls: []
      m_TypeName: Meta.MetaInteractionDataEvent, Assembly-CSharp, Version=0.0.0.0,
        Culture=neutral, PublicKeyToken=null
  _minSize: {x: 0.3, y: 0.3}
  _maxSize: {x: 2, y: 2}
  _scaleSizeDelta: 0
  _scaleChanged:
    m_PersistentCalls:
      m_Calls: []
    m_TypeName: Meta.Vector3UnityEvent, Assembly-CSharp, Version=0.0.0.0, Culture=neutral,
      PublicKeyToken=null
  _exponentialScaling: 0
--- !u!1 &420661753 stripped
GameObject:
  m_CorrespondingSourceObject: {fileID: 100000, guid: fdf0f3484ff9c4ad2bcdcbba60007e29,
    type: 3}
  m_PrefabInternal: {fileID: 1128989755}
--- !u!114 &420661755
MonoBehaviour:
  m_ObjectHideFlags: 0
  m_CorrespondingSourceObject: {fileID: 0}
  m_PrefabInternal: {fileID: 0}
  m_GameObject: {fileID: 420661753}
  m_Enabled: 1
  m_EditorHideFlags: 0
  m_Script: {fileID: 11500000, guid: 45bd94a85c17ec4418225806a214312f, type: 3}
  m_Name: 
  m_EditorClassIdentifier: 
  _targetTransform: {fileID: 0}
  _events:
    _engaged:
      m_PersistentCalls:
        m_Calls: []
      m_TypeName: Meta.MetaInteractionDataEvent, Assembly-CSharp, Version=0.0.0.0,
        Culture=neutral, PublicKeyToken=null
    _disengaged:
      m_PersistentCalls:
        m_Calls: []
      m_TypeName: Meta.MetaInteractionDataEvent, Assembly-CSharp, Version=0.0.0.0,
        Culture=neutral, PublicKeyToken=null
    _hoverStart:
      m_PersistentCalls:
        m_Calls: []
      m_TypeName: Meta.MetaInteractionDataEvent, Assembly-CSharp, Version=0.0.0.0,
        Culture=neutral, PublicKeyToken=null
    _hoverEnd:
      m_PersistentCalls:
        m_Calls: []
      m_TypeName: Meta.MetaInteractionDataEvent, Assembly-CSharp, Version=0.0.0.0,
        Culture=neutral, PublicKeyToken=null
--- !u!64 &420661756
MeshCollider:
  m_ObjectHideFlags: 0
  m_CorrespondingSourceObject: {fileID: 0}
  m_PrefabInternal: {fileID: 0}
  m_GameObject: {fileID: 420661753}
  m_Material: {fileID: 0}
  m_IsTrigger: 0
  m_Enabled: 1
  serializedVersion: 3
  m_Convex: 0
  m_CookingOptions: 14
  m_SkinWidth: 0.01
  m_Mesh: {fileID: 4300000, guid: fdf0f3484ff9c4ad2bcdcbba60007e29, type: 3}
--- !u!1 &445383640 stripped
GameObject:
  m_CorrespondingSourceObject: {fileID: 100000, guid: b2710f8746c824e54822172732d96c6a,
    type: 3}
  m_PrefabInternal: {fileID: 1234555354}
--- !u!64 &445383641
MeshCollider:
  m_ObjectHideFlags: 0
  m_CorrespondingSourceObject: {fileID: 0}
  m_PrefabInternal: {fileID: 0}
  m_GameObject: {fileID: 445383640}
  m_Material: {fileID: 0}
  m_IsTrigger: 0
  m_Enabled: 1
  serializedVersion: 3
  m_Convex: 0
  m_CookingOptions: 14
  m_SkinWidth: 0.01
  m_Mesh: {fileID: 4300000, guid: b2710f8746c824e54822172732d96c6a, type: 3}
--- !u!54 &445383644
Rigidbody:
  m_ObjectHideFlags: 0
  m_CorrespondingSourceObject: {fileID: 0}
  m_PrefabInternal: {fileID: 0}
  m_GameObject: {fileID: 445383640}
  serializedVersion: 2
  m_Mass: 1
  m_Drag: 5
  m_AngularDrag: 5
  m_UseGravity: 0
  m_IsKinematic: 1
  m_Interpolate: 0
  m_Constraints: 0
  m_CollisionDetection: 0
--- !u!114 &445383645
MonoBehaviour:
  m_ObjectHideFlags: 0
  m_CorrespondingSourceObject: {fileID: 0}
  m_PrefabInternal: {fileID: 0}
  m_GameObject: {fileID: 445383640}
  m_Enabled: 1
  m_EditorHideFlags: 0
  m_Script: {fileID: 11500000, guid: 802fb631bf3d414478d36e2d114aed2e, type: 3}
  m_Name: 
  m_EditorClassIdentifier: 
  _targetTransform: {fileID: 0}
  _events:
    _engaged:
      m_PersistentCalls:
        m_Calls: []
      m_TypeName: Meta.MetaInteractionDataEvent, Assembly-CSharp, Version=0.0.0.0,
        Culture=neutral, PublicKeyToken=null
    _disengaged:
      m_PersistentCalls:
        m_Calls: []
      m_TypeName: Meta.MetaInteractionDataEvent, Assembly-CSharp, Version=0.0.0.0,
        Culture=neutral, PublicKeyToken=null
    _hoverStart:
      m_PersistentCalls:
        m_Calls: []
      m_TypeName: Meta.MetaInteractionDataEvent, Assembly-CSharp, Version=0.0.0.0,
        Culture=neutral, PublicKeyToken=null
    _hoverEnd:
      m_PersistentCalls:
        m_Calls: []
      m_TypeName: Meta.MetaInteractionDataEvent, Assembly-CSharp, Version=0.0.0.0,
        Culture=neutral, PublicKeyToken=null
  _minSize: {x: 0.3, y: 0.3}
  _maxSize: {x: 2, y: 2}
  _scaleSizeDelta: 0
  _scaleChanged:
    m_PersistentCalls:
      m_Calls: []
    m_TypeName: Meta.Vector3UnityEvent, Assembly-CSharp, Version=0.0.0.0, Culture=neutral,
      PublicKeyToken=null
  _exponentialScaling: 0
--- !u!114 &445383646
MonoBehaviour:
  m_ObjectHideFlags: 0
  m_CorrespondingSourceObject: {fileID: 0}
  m_PrefabInternal: {fileID: 0}
  m_GameObject: {fileID: 445383640}
  m_Enabled: 1
  m_EditorHideFlags: 0
  m_Script: {fileID: 11500000, guid: ea67a886b13fbff4395b0caf9c5a041f, type: 3}
  m_Name: 
  m_EditorClassIdentifier: 
  _targetTransform: {fileID: 0}
  _events:
    _engaged:
      m_PersistentCalls:
        m_Calls: []
      m_TypeName: Meta.MetaInteractionDataEvent, Assembly-CSharp, Version=0.0.0.0,
        Culture=neutral, PublicKeyToken=null
    _disengaged:
      m_PersistentCalls:
        m_Calls: []
      m_TypeName: Meta.MetaInteractionDataEvent, Assembly-CSharp, Version=0.0.0.0,
        Culture=neutral, PublicKeyToken=null
    _hoverStart:
      m_PersistentCalls:
        m_Calls: []
      m_TypeName: Meta.MetaInteractionDataEvent, Assembly-CSharp, Version=0.0.0.0,
        Culture=neutral, PublicKeyToken=null
    _hoverEnd:
      m_PersistentCalls:
        m_Calls: []
      m_TypeName: Meta.MetaInteractionDataEvent, Assembly-CSharp, Version=0.0.0.0,
        Culture=neutral, PublicKeyToken=null
--- !u!114 &445383647
MonoBehaviour:
  m_ObjectHideFlags: 0
  m_CorrespondingSourceObject: {fileID: 0}
  m_PrefabInternal: {fileID: 0}
  m_GameObject: {fileID: 445383640}
  m_Enabled: 1
  m_EditorHideFlags: 0
  m_Script: {fileID: 11500000, guid: 45bd94a85c17ec4418225806a214312f, type: 3}
  m_Name: 
  m_EditorClassIdentifier: 
  _targetTransform: {fileID: 0}
  _events:
    _engaged:
      m_PersistentCalls:
        m_Calls: []
      m_TypeName: Meta.MetaInteractionDataEvent, Assembly-CSharp, Version=0.0.0.0,
        Culture=neutral, PublicKeyToken=null
    _disengaged:
      m_PersistentCalls:
        m_Calls: []
      m_TypeName: Meta.MetaInteractionDataEvent, Assembly-CSharp, Version=0.0.0.0,
        Culture=neutral, PublicKeyToken=null
    _hoverStart:
      m_PersistentCalls:
        m_Calls: []
      m_TypeName: Meta.MetaInteractionDataEvent, Assembly-CSharp, Version=0.0.0.0,
        Culture=neutral, PublicKeyToken=null
    _hoverEnd:
      m_PersistentCalls:
        m_Calls: []
      m_TypeName: Meta.MetaInteractionDataEvent, Assembly-CSharp, Version=0.0.0.0,
        Culture=neutral, PublicKeyToken=null
--- !u!1 &464385128 stripped
GameObject:
  m_CorrespondingSourceObject: {fileID: 100000, guid: ef5f02c3a7aee4c65816037563fcbf1d,
    type: 3}
  m_PrefabInternal: {fileID: 306404219}
--- !u!54 &464385129
Rigidbody:
  m_ObjectHideFlags: 0
  m_CorrespondingSourceObject: {fileID: 0}
  m_PrefabInternal: {fileID: 0}
  m_GameObject: {fileID: 464385128}
  serializedVersion: 2
  m_Mass: 1
  m_Drag: 5
  m_AngularDrag: 5
  m_UseGravity: 0
  m_IsKinematic: 1
  m_Interpolate: 0
  m_Constraints: 0
  m_CollisionDetection: 0
--- !u!64 &464385130
MeshCollider:
  m_ObjectHideFlags: 0
  m_CorrespondingSourceObject: {fileID: 0}
  m_PrefabInternal: {fileID: 0}
  m_GameObject: {fileID: 464385128}
  m_Material: {fileID: 0}
  m_IsTrigger: 0
  m_Enabled: 1
  serializedVersion: 3
  m_Convex: 0
  m_CookingOptions: 14
  m_SkinWidth: 0.01
  m_Mesh: {fileID: 4300000, guid: ef5f02c3a7aee4c65816037563fcbf1d, type: 3}
--- !u!114 &464385131
MonoBehaviour:
  m_ObjectHideFlags: 0
  m_CorrespondingSourceObject: {fileID: 0}
  m_PrefabInternal: {fileID: 0}
  m_GameObject: {fileID: 464385128}
  m_Enabled: 1
  m_EditorHideFlags: 0
  m_Script: {fileID: 11500000, guid: 45bd94a85c17ec4418225806a214312f, type: 3}
  m_Name: 
  m_EditorClassIdentifier: 
  _targetTransform: {fileID: 0}
  _events:
    _engaged:
      m_PersistentCalls:
        m_Calls: []
      m_TypeName: Meta.MetaInteractionDataEvent, Assembly-CSharp, Version=0.0.0.0,
        Culture=neutral, PublicKeyToken=null
    _disengaged:
      m_PersistentCalls:
        m_Calls: []
      m_TypeName: Meta.MetaInteractionDataEvent, Assembly-CSharp, Version=0.0.0.0,
        Culture=neutral, PublicKeyToken=null
    _hoverStart:
      m_PersistentCalls:
        m_Calls: []
      m_TypeName: Meta.MetaInteractionDataEvent, Assembly-CSharp, Version=0.0.0.0,
        Culture=neutral, PublicKeyToken=null
    _hoverEnd:
      m_PersistentCalls:
        m_Calls: []
      m_TypeName: Meta.MetaInteractionDataEvent, Assembly-CSharp, Version=0.0.0.0,
        Culture=neutral, PublicKeyToken=null
--- !u!114 &464385132
MonoBehaviour:
  m_ObjectHideFlags: 0
  m_CorrespondingSourceObject: {fileID: 0}
  m_PrefabInternal: {fileID: 0}
  m_GameObject: {fileID: 464385128}
  m_Enabled: 1
  m_EditorHideFlags: 0
  m_Script: {fileID: 11500000, guid: ea67a886b13fbff4395b0caf9c5a041f, type: 3}
  m_Name: 
  m_EditorClassIdentifier: 
  _targetTransform: {fileID: 0}
  _events:
    _engaged:
      m_PersistentCalls:
        m_Calls: []
      m_TypeName: Meta.MetaInteractionDataEvent, Assembly-CSharp, Version=0.0.0.0,
        Culture=neutral, PublicKeyToken=null
    _disengaged:
      m_PersistentCalls:
        m_Calls: []
      m_TypeName: Meta.MetaInteractionDataEvent, Assembly-CSharp, Version=0.0.0.0,
        Culture=neutral, PublicKeyToken=null
    _hoverStart:
      m_PersistentCalls:
        m_Calls: []
      m_TypeName: Meta.MetaInteractionDataEvent, Assembly-CSharp, Version=0.0.0.0,
        Culture=neutral, PublicKeyToken=null
    _hoverEnd:
      m_PersistentCalls:
        m_Calls: []
      m_TypeName: Meta.MetaInteractionDataEvent, Assembly-CSharp, Version=0.0.0.0,
        Culture=neutral, PublicKeyToken=null
--- !u!114 &464385133
MonoBehaviour:
  m_ObjectHideFlags: 0
  m_CorrespondingSourceObject: {fileID: 0}
  m_PrefabInternal: {fileID: 0}
  m_GameObject: {fileID: 464385128}
  m_Enabled: 1
  m_EditorHideFlags: 0
  m_Script: {fileID: 11500000, guid: 802fb631bf3d414478d36e2d114aed2e, type: 3}
  m_Name: 
  m_EditorClassIdentifier: 
  _targetTransform: {fileID: 0}
  _events:
    _engaged:
      m_PersistentCalls:
        m_Calls: []
      m_TypeName: Meta.MetaInteractionDataEvent, Assembly-CSharp, Version=0.0.0.0,
        Culture=neutral, PublicKeyToken=null
    _disengaged:
      m_PersistentCalls:
        m_Calls: []
      m_TypeName: Meta.MetaInteractionDataEvent, Assembly-CSharp, Version=0.0.0.0,
        Culture=neutral, PublicKeyToken=null
    _hoverStart:
      m_PersistentCalls:
        m_Calls: []
      m_TypeName: Meta.MetaInteractionDataEvent, Assembly-CSharp, Version=0.0.0.0,
        Culture=neutral, PublicKeyToken=null
    _hoverEnd:
      m_PersistentCalls:
        m_Calls: []
      m_TypeName: Meta.MetaInteractionDataEvent, Assembly-CSharp, Version=0.0.0.0,
        Culture=neutral, PublicKeyToken=null
  _minSize: {x: 0.3, y: 0.3}
  _maxSize: {x: 2, y: 2}
  _scaleSizeDelta: 0
  _scaleChanged:
    m_PersistentCalls:
      m_Calls: []
    m_TypeName: Meta.Vector3UnityEvent, Assembly-CSharp, Version=0.0.0.0, Culture=neutral,
      PublicKeyToken=null
  _exponentialScaling: 0
--- !u!1 &693645010
GameObject:
  m_ObjectHideFlags: 0
  m_CorrespondingSourceObject: {fileID: 0}
  m_PrefabInternal: {fileID: 0}
  serializedVersion: 6
  m_Component:
  - component: {fileID: 693645012}
  - component: {fileID: 693645011}
  m_Layer: 0
  m_Name: Directional Light (1)
  m_TagString: Untagged
  m_Icon: {fileID: 0}
  m_NavMeshLayer: 0
  m_StaticEditorFlags: 0
  m_IsActive: 1
--- !u!108 &693645011
Light:
  m_ObjectHideFlags: 0
  m_CorrespondingSourceObject: {fileID: 0}
  m_PrefabInternal: {fileID: 0}
  m_GameObject: {fileID: 693645010}
  m_Enabled: 1
  serializedVersion: 8
  m_Type: 1
  m_Color: {r: 1, g: 0.95686275, b: 0.8392157, a: 1}
  m_Intensity: 1.5
  m_Range: 10
  m_SpotAngle: 30
  m_CookieSize: 10
  m_Shadows:
    m_Type: 2
    m_Resolution: 2
    m_CustomResolution: -1
    m_Strength: 0.582
    m_Bias: 0.05
    m_NormalBias: 0.4
    m_NearPlane: 0.2
  m_Cookie: {fileID: 0}
  m_DrawHalo: 0
  m_Flare: {fileID: 0}
  m_RenderMode: 0
  m_CullingMask:
    serializedVersion: 2
    m_Bits: 4294967295
  m_Lightmapping: 4
  m_LightShadowCasterMode: 0
  m_AreaSize: {x: 1, y: 1}
  m_BounceIntensity: 1
  m_ColorTemperature: 6570
  m_UseColorTemperature: 0
  m_ShadowRadius: 0
  m_ShadowAngle: 0
--- !u!4 &693645012
Transform:
  m_ObjectHideFlags: 0
  m_CorrespondingSourceObject: {fileID: 0}
  m_PrefabInternal: {fileID: 0}
  m_GameObject: {fileID: 693645010}
  m_LocalRotation: {x: 0.23911765, y: 0.3696438, z: -0.09904577, w: 0.89239913}
  m_LocalPosition: {x: 0, y: 0, z: 0}
  m_LocalScale: {x: 1, y: 1, z: 1}
  m_Children:
  - {fileID: 15984156}
  m_Father: {fileID: 0}
  m_RootOrder: 4
  m_LocalEulerAnglesHint: {x: 30, y: 45, z: 0}
--- !u!1001 &851360186
Prefab:
  m_ObjectHideFlags: 0
  serializedVersion: 2
  m_Modification:
    m_TransformParent: {fileID: 1386177905}
    m_Modifications:
    - target: {fileID: 400002, guid: 0e2812df7110b4896bf9065d37c98dca, type: 3}
      propertyPath: m_LocalPosition.x
      value: 0
      objectReference: {fileID: 0}
    - target: {fileID: 400002, guid: 0e2812df7110b4896bf9065d37c98dca, type: 3}
      propertyPath: m_LocalPosition.y
      value: 0
      objectReference: {fileID: 0}
    - target: {fileID: 400002, guid: 0e2812df7110b4896bf9065d37c98dca, type: 3}
      propertyPath: m_LocalPosition.z
      value: 0
      objectReference: {fileID: 0}
    - target: {fileID: 400002, guid: 0e2812df7110b4896bf9065d37c98dca, type: 3}
      propertyPath: m_LocalRotation.x
      value: -0
      objectReference: {fileID: 0}
    - target: {fileID: 400002, guid: 0e2812df7110b4896bf9065d37c98dca, type: 3}
      propertyPath: m_LocalRotation.y
      value: -0
      objectReference: {fileID: 0}
    - target: {fileID: 400002, guid: 0e2812df7110b4896bf9065d37c98dca, type: 3}
      propertyPath: m_LocalRotation.z
      value: -0
      objectReference: {fileID: 0}
    - target: {fileID: 400002, guid: 0e2812df7110b4896bf9065d37c98dca, type: 3}
      propertyPath: m_LocalRotation.w
      value: 1
      objectReference: {fileID: 0}
    - target: {fileID: 400002, guid: 0e2812df7110b4896bf9065d37c98dca, type: 3}
      propertyPath: m_RootOrder
      value: 7
      objectReference: {fileID: 0}
    - target: {fileID: 2300000, guid: 0e2812df7110b4896bf9065d37c98dca, type: 3}
      propertyPath: m_Materials.Array.data[0]
      value: 
      objectReference: {fileID: 2100000, guid: 967808a5b05674902aac72929e8501bb, type: 2}
    m_RemovedComponents: []
  m_SourcePrefab: {fileID: 100100000, guid: 0e2812df7110b4896bf9065d37c98dca, type: 3}
  m_IsPrefabAsset: 0
--- !u!4 &851360187 stripped
Transform:
  m_CorrespondingSourceObject: {fileID: 400002, guid: 0e2812df7110b4896bf9065d37c98dca,
    type: 3}
  m_PrefabInternal: {fileID: 851360186}
--- !u!1001 &1070071810
Prefab:
  m_ObjectHideFlags: 0
  serializedVersion: 2
  m_Modification:
    m_TransformParent: {fileID: 1386177905}
    m_Modifications:
    - target: {fileID: 400002, guid: 9b10144e99bee4b9d9fbc73cc442f37c, type: 3}
      propertyPath: m_LocalPosition.x
      value: 0
      objectReference: {fileID: 0}
    - target: {fileID: 400002, guid: 9b10144e99bee4b9d9fbc73cc442f37c, type: 3}
      propertyPath: m_LocalPosition.y
      value: 0
      objectReference: {fileID: 0}
    - target: {fileID: 400002, guid: 9b10144e99bee4b9d9fbc73cc442f37c, type: 3}
      propertyPath: m_LocalPosition.z
      value: 0
      objectReference: {fileID: 0}
    - target: {fileID: 400002, guid: 9b10144e99bee4b9d9fbc73cc442f37c, type: 3}
      propertyPath: m_LocalRotation.x
      value: -0
      objectReference: {fileID: 0}
    - target: {fileID: 400002, guid: 9b10144e99bee4b9d9fbc73cc442f37c, type: 3}
      propertyPath: m_LocalRotation.y
      value: -0
      objectReference: {fileID: 0}
    - target: {fileID: 400002, guid: 9b10144e99bee4b9d9fbc73cc442f37c, type: 3}
      propertyPath: m_LocalRotation.z
      value: -0
      objectReference: {fileID: 0}
    - target: {fileID: 400002, guid: 9b10144e99bee4b9d9fbc73cc442f37c, type: 3}
      propertyPath: m_LocalRotation.w
      value: 1
      objectReference: {fileID: 0}
    - target: {fileID: 400002, guid: 9b10144e99bee4b9d9fbc73cc442f37c, type: 3}
      propertyPath: m_RootOrder
      value: 6
      objectReference: {fileID: 0}
    - target: {fileID: 2300000, guid: 9b10144e99bee4b9d9fbc73cc442f37c, type: 3}
      propertyPath: m_Materials.Array.data[0]
      value: 
      objectReference: {fileID: 2100000, guid: 3b9dcbf317f3744fca32be9cdb0a0f6a, type: 2}
    - target: {fileID: 100002, guid: 9b10144e99bee4b9d9fbc73cc442f37c, type: 3}
      propertyPath: m_IsActive
      value: 1
      objectReference: {fileID: 0}
    m_RemovedComponents: []
  m_SourcePrefab: {fileID: 100100000, guid: 9b10144e99bee4b9d9fbc73cc442f37c, type: 3}
  m_IsPrefabAsset: 0
--- !u!4 &1070071811 stripped
Transform:
  m_CorrespondingSourceObject: {fileID: 400002, guid: 9b10144e99bee4b9d9fbc73cc442f37c,
    type: 3}
  m_PrefabInternal: {fileID: 1070071810}
--- !u!1001 &1127819858
Prefab:
  m_ObjectHideFlags: 0
  serializedVersion: 2
  m_Modification:
    m_TransformParent: {fileID: 1386177905}
    m_Modifications:
    - target: {fileID: 400002, guid: 1ab56ed5ea5f743d4a433aaadcb5444b, type: 3}
      propertyPath: m_LocalPosition.x
      value: 0
      objectReference: {fileID: 0}
    - target: {fileID: 400002, guid: 1ab56ed5ea5f743d4a433aaadcb5444b, type: 3}
      propertyPath: m_LocalPosition.y
      value: 0
      objectReference: {fileID: 0}
    - target: {fileID: 400002, guid: 1ab56ed5ea5f743d4a433aaadcb5444b, type: 3}
      propertyPath: m_LocalPosition.z
      value: 0
      objectReference: {fileID: 0}
    - target: {fileID: 400002, guid: 1ab56ed5ea5f743d4a433aaadcb5444b, type: 3}
      propertyPath: m_LocalRotation.x
      value: -0
      objectReference: {fileID: 0}
    - target: {fileID: 400002, guid: 1ab56ed5ea5f743d4a433aaadcb5444b, type: 3}
      propertyPath: m_LocalRotation.y
      value: -0
      objectReference: {fileID: 0}
    - target: {fileID: 400002, guid: 1ab56ed5ea5f743d4a433aaadcb5444b, type: 3}
      propertyPath: m_LocalRotation.z
      value: -0
      objectReference: {fileID: 0}
    - target: {fileID: 400002, guid: 1ab56ed5ea5f743d4a433aaadcb5444b, type: 3}
      propertyPath: m_LocalRotation.w
      value: 1
      objectReference: {fileID: 0}
    - target: {fileID: 400002, guid: 1ab56ed5ea5f743d4a433aaadcb5444b, type: 3}
      propertyPath: m_RootOrder
      value: 8
      objectReference: {fileID: 0}
    - target: {fileID: 100002, guid: 1ab56ed5ea5f743d4a433aaadcb5444b, type: 3}
      propertyPath: m_IsActive
      value: 1
      objectReference: {fileID: 0}
    - target: {fileID: 2300000, guid: 1ab56ed5ea5f743d4a433aaadcb5444b, type: 3}
      propertyPath: m_Materials.Array.data[0]
      value: 
      objectReference: {fileID: 2100000, guid: 3fb219f5e76334d5ea281cd520990e17, type: 2}
    m_RemovedComponents: []
  m_SourcePrefab: {fileID: 100100000, guid: 1ab56ed5ea5f743d4a433aaadcb5444b, type: 3}
  m_IsPrefabAsset: 0
--- !u!4 &1127819859 stripped
Transform:
  m_CorrespondingSourceObject: {fileID: 400002, guid: 1ab56ed5ea5f743d4a433aaadcb5444b,
    type: 3}
  m_PrefabInternal: {fileID: 1127819858}
--- !u!1001 &1128989755
Prefab:
  m_ObjectHideFlags: 0
  serializedVersion: 2
  m_Modification:
    m_TransformParent: {fileID: 0}
    m_Modifications:
    - target: {fileID: 400002, guid: fdf0f3484ff9c4ad2bcdcbba60007e29, type: 3}
      propertyPath: m_LocalPosition.x
      value: 0.23
      objectReference: {fileID: 0}
    - target: {fileID: 400002, guid: fdf0f3484ff9c4ad2bcdcbba60007e29, type: 3}
      propertyPath: m_LocalPosition.y
      value: 0
      objectReference: {fileID: 0}
    - target: {fileID: 400002, guid: fdf0f3484ff9c4ad2bcdcbba60007e29, type: 3}
      propertyPath: m_LocalPosition.z
      value: 1.134
      objectReference: {fileID: 0}
    - target: {fileID: 400002, guid: fdf0f3484ff9c4ad2bcdcbba60007e29, type: 3}
      propertyPath: m_LocalRotation.x
      value: 0
      objectReference: {fileID: 0}
    - target: {fileID: 400002, guid: fdf0f3484ff9c4ad2bcdcbba60007e29, type: 3}
      propertyPath: m_LocalRotation.y
      value: 1
      objectReference: {fileID: 0}
    - target: {fileID: 400002, guid: fdf0f3484ff9c4ad2bcdcbba60007e29, type: 3}
      propertyPath: m_LocalRotation.z
      value: 0
      objectReference: {fileID: 0}
    - target: {fileID: 400002, guid: fdf0f3484ff9c4ad2bcdcbba60007e29, type: 3}
      propertyPath: m_LocalRotation.w
      value: 0
      objectReference: {fileID: 0}
    - target: {fileID: 400002, guid: fdf0f3484ff9c4ad2bcdcbba60007e29, type: 3}
      propertyPath: m_RootOrder
      value: 1
      objectReference: {fileID: 0}
    - target: {fileID: 400000, guid: fdf0f3484ff9c4ad2bcdcbba60007e29, type: 3}
      propertyPath: m_LocalScale.x
      value: 1
      objectReference: {fileID: 0}
    - target: {fileID: 400000, guid: fdf0f3484ff9c4ad2bcdcbba60007e29, type: 3}
      propertyPath: m_LocalScale.y
      value: 1
      objectReference: {fileID: 0}
    - target: {fileID: 400000, guid: fdf0f3484ff9c4ad2bcdcbba60007e29, type: 3}
      propertyPath: m_LocalScale.z
      value: 1
      objectReference: {fileID: 0}
    - target: {fileID: 400002, guid: fdf0f3484ff9c4ad2bcdcbba60007e29, type: 3}
      propertyPath: m_LocalScale.x
      value: 0.0025
      objectReference: {fileID: 0}
    - target: {fileID: 400002, guid: fdf0f3484ff9c4ad2bcdcbba60007e29, type: 3}
      propertyPath: m_LocalScale.y
      value: 0.0025
      objectReference: {fileID: 0}
    - target: {fileID: 400002, guid: fdf0f3484ff9c4ad2bcdcbba60007e29, type: 3}
      propertyPath: m_LocalScale.z
      value: 0.0025
      objectReference: {fileID: 0}
    - target: {fileID: 400000, guid: fdf0f3484ff9c4ad2bcdcbba60007e29, type: 3}
      propertyPath: m_LocalPosition.z
      value: 0.882
      objectReference: {fileID: 0}
    - target: {fileID: 400002, guid: fdf0f3484ff9c4ad2bcdcbba60007e29, type: 3}
      propertyPath: m_LocalEulerAnglesHint.y
      value: 180
      objectReference: {fileID: 0}
    - target: {fileID: 100002, guid: fdf0f3484ff9c4ad2bcdcbba60007e29, type: 3}
      propertyPath: m_IsActive
      value: 0
      objectReference: {fileID: 0}
    m_RemovedComponents: []
  m_SourcePrefab: {fileID: 100100000, guid: fdf0f3484ff9c4ad2bcdcbba60007e29, type: 3}
  m_IsPrefabAsset: 0
--- !u!1001 &1131681884
Prefab:
  m_ObjectHideFlags: 0
  serializedVersion: 2
  m_Modification:
    m_TransformParent: {fileID: 1386177905}
    m_Modifications:
    - target: {fileID: 400002, guid: cce337fed9dff4b619340b0f41b0776d, type: 3}
      propertyPath: m_LocalPosition.x
      value: 0
      objectReference: {fileID: 0}
    - target: {fileID: 400002, guid: cce337fed9dff4b619340b0f41b0776d, type: 3}
      propertyPath: m_LocalPosition.y
      value: 0
      objectReference: {fileID: 0}
    - target: {fileID: 400002, guid: cce337fed9dff4b619340b0f41b0776d, type: 3}
      propertyPath: m_LocalPosition.z
      value: 0
      objectReference: {fileID: 0}
    - target: {fileID: 400002, guid: cce337fed9dff4b619340b0f41b0776d, type: 3}
      propertyPath: m_LocalRotation.x
      value: -0
      objectReference: {fileID: 0}
    - target: {fileID: 400002, guid: cce337fed9dff4b619340b0f41b0776d, type: 3}
      propertyPath: m_LocalRotation.y
      value: -0
      objectReference: {fileID: 0}
    - target: {fileID: 400002, guid: cce337fed9dff4b619340b0f41b0776d, type: 3}
      propertyPath: m_LocalRotation.z
      value: -0
      objectReference: {fileID: 0}
    - target: {fileID: 400002, guid: cce337fed9dff4b619340b0f41b0776d, type: 3}
      propertyPath: m_LocalRotation.w
      value: 1
      objectReference: {fileID: 0}
    - target: {fileID: 400002, guid: cce337fed9dff4b619340b0f41b0776d, type: 3}
      propertyPath: m_RootOrder
      value: 5
      objectReference: {fileID: 0}
    - target: {fileID: 2300000, guid: cce337fed9dff4b619340b0f41b0776d, type: 3}
      propertyPath: m_Materials.Array.data[0]
      value: 
      objectReference: {fileID: 2100000, guid: ff4fa2a206e8a43a6b827004ddf256ca, type: 2}
    m_RemovedComponents: []
  m_SourcePrefab: {fileID: 100100000, guid: cce337fed9dff4b619340b0f41b0776d, type: 3}
  m_IsPrefabAsset: 0
--- !u!4 &1131681885 stripped
Transform:
  m_CorrespondingSourceObject: {fileID: 400002, guid: cce337fed9dff4b619340b0f41b0776d,
    type: 3}
  m_PrefabInternal: {fileID: 1131681884}
--- !u!1001 &1156753947
Prefab:
  m_ObjectHideFlags: 0
  serializedVersion: 2
  m_Modification:
    m_TransformParent: {fileID: 0}
    m_Modifications:
    - target: {fileID: 4000013221008208, guid: 0f29804ebd89fa1409e93097cbff1a1d, type: 2}
      propertyPath: m_LocalPosition.x
      value: 0
      objectReference: {fileID: 0}
    - target: {fileID: 4000013221008208, guid: 0f29804ebd89fa1409e93097cbff1a1d, type: 2}
      propertyPath: m_LocalPosition.y
      value: 0
      objectReference: {fileID: 0}
    - target: {fileID: 4000013221008208, guid: 0f29804ebd89fa1409e93097cbff1a1d, type: 2}
      propertyPath: m_LocalPosition.z
      value: 0
      objectReference: {fileID: 0}
    - target: {fileID: 4000013221008208, guid: 0f29804ebd89fa1409e93097cbff1a1d, type: 2}
      propertyPath: m_LocalRotation.x
      value: 0
      objectReference: {fileID: 0}
    - target: {fileID: 4000013221008208, guid: 0f29804ebd89fa1409e93097cbff1a1d, type: 2}
      propertyPath: m_LocalRotation.y
      value: 0
      objectReference: {fileID: 0}
    - target: {fileID: 4000013221008208, guid: 0f29804ebd89fa1409e93097cbff1a1d, type: 2}
      propertyPath: m_LocalRotation.z
      value: 0
      objectReference: {fileID: 0}
    - target: {fileID: 4000013221008208, guid: 0f29804ebd89fa1409e93097cbff1a1d, type: 2}
      propertyPath: m_LocalRotation.w
      value: 1
      objectReference: {fileID: 0}
    - target: {fileID: 4000013221008208, guid: 0f29804ebd89fa1409e93097cbff1a1d, type: 2}
      propertyPath: m_RootOrder
      value: 0
      objectReference: {fileID: 0}
    - target: {fileID: 114693783689908506, guid: 0f29804ebd89fa1409e93097cbff1a1d,
        type: 2}
      propertyPath: _enable3DWarp
      value: 1
      objectReference: {fileID: 0}
    - target: {fileID: 114693783689908506, guid: 0f29804ebd89fa1409e93097cbff1a1d,
        type: 2}
      propertyPath: _enable2DWarp
      value: 0
      objectReference: {fileID: 0}
    m_RemovedComponents: []
  m_SourcePrefab: {fileID: 100100000, guid: 0f29804ebd89fa1409e93097cbff1a1d, type: 2}
  m_IsPrefabAsset: 0
--- !u!1 &1195749086
GameObject:
  m_ObjectHideFlags: 0
  m_CorrespondingSourceObject: {fileID: 100006, guid: 83c5f60dbde1ee84d810e2a742e4276e,
    type: 3}
  m_PrefabInternal: {fileID: 0}
  serializedVersion: 6
  m_Component:
  - component: {fileID: 1195749087}
  - component: {fileID: 1195749091}
  - component: {fileID: 1195749090}
  - component: {fileID: 1195749089}
  - component: {fileID: 1195749088}
  - component: {fileID: 1195749093}
  - component: {fileID: 1195749092}
  m_Layer: 0
  m_Name: Sphere
  m_TagString: Untagged
  m_Icon: {fileID: 0}
  m_NavMeshLayer: 0
  m_StaticEditorFlags: 0
  m_IsActive: 0
--- !u!4 &1195749087
Transform:
  m_ObjectHideFlags: 0
  m_CorrespondingSourceObject: {fileID: 400006, guid: 83c5f60dbde1ee84d810e2a742e4276e,
    type: 3}
  m_PrefabInternal: {fileID: 0}
  m_GameObject: {fileID: 1195749086}
  m_LocalRotation: {x: -0.7071068, y: 0, z: -0, w: 0.7071067}
  m_LocalPosition: {x: -0.99997884, y: 0.56475747, z: -0.3065908}
  m_LocalScale: {x: 100, y: 100, z: 100}
  m_Children: []
  m_Father: {fileID: 1919886274}
  m_RootOrder: 0
  m_LocalEulerAnglesHint: {x: 0, y: 0, z: 0}
--- !u!114 &1195749088
MonoBehaviour:
  m_ObjectHideFlags: 0
  m_CorrespondingSourceObject: {fileID: 0}
  m_PrefabInternal: {fileID: 0}
  m_GameObject: {fileID: 1195749086}
  m_Enabled: 1
  m_EditorHideFlags: 0
  m_Script: {fileID: 11500000, guid: 45bd94a85c17ec4418225806a214312f, type: 3}
  m_Name: 
  m_EditorClassIdentifier: 
  _targetTransform: {fileID: 0}
  _events:
    _engaged:
      m_PersistentCalls:
        m_Calls: []
      m_TypeName: Meta.MetaInteractionDataEvent, Assembly-CSharp, Version=0.0.0.0,
        Culture=neutral, PublicKeyToken=null
    _disengaged:
      m_PersistentCalls:
        m_Calls: []
      m_TypeName: Meta.MetaInteractionDataEvent, Assembly-CSharp, Version=0.0.0.0,
        Culture=neutral, PublicKeyToken=null
    _hoverStart:
      m_PersistentCalls:
        m_Calls: []
      m_TypeName: Meta.MetaInteractionDataEvent, Assembly-CSharp, Version=0.0.0.0,
        Culture=neutral, PublicKeyToken=null
    _hoverEnd:
      m_PersistentCalls:
        m_Calls: []
      m_TypeName: Meta.MetaInteractionDataEvent, Assembly-CSharp, Version=0.0.0.0,
        Culture=neutral, PublicKeyToken=null
--- !u!135 &1195749089
SphereCollider:
  m_ObjectHideFlags: 0
  m_CorrespondingSourceObject: {fileID: 0}
  m_PrefabInternal: {fileID: 0}
  m_GameObject: {fileID: 1195749086}
  m_Material: {fileID: 0}
  m_IsTrigger: 0
  m_Enabled: 1
  serializedVersion: 2
  m_Radius: 0.01
  m_Center: {x: -0.0000000023283064, y: -0.000000005587935, z: 0}
--- !u!23 &1195749090
MeshRenderer:
  m_ObjectHideFlags: 0
  m_CorrespondingSourceObject: {fileID: 2300000, guid: 83c5f60dbde1ee84d810e2a742e4276e,
    type: 3}
  m_PrefabInternal: {fileID: 0}
  m_GameObject: {fileID: 1195749086}
  m_Enabled: 1
  m_CastShadows: 1
  m_ReceiveShadows: 1
  m_DynamicOccludee: 1
  m_MotionVectors: 1
  m_LightProbeUsage: 1
  m_ReflectionProbeUsage: 1
  m_RenderingLayerMask: 4294967295
  m_Materials:
  - {fileID: 2100000, guid: 83c5f60dbde1ee84d810e2a742e4276e, type: 3}
  m_StaticBatchInfo:
    firstSubMesh: 0
    subMeshCount: 0
  m_StaticBatchRoot: {fileID: 0}
  m_ProbeAnchor: {fileID: 0}
  m_LightProbeVolumeOverride: {fileID: 0}
  m_ScaleInLightmap: 1
  m_PreserveUVs: 0
  m_IgnoreNormalsForChartDetection: 0
  m_ImportantGI: 0
  m_StitchLightmapSeams: 0
  m_SelectedEditorRenderState: 3
  m_MinimumChartSize: 4
  m_AutoUVMaxDistance: 0.5
  m_AutoUVMaxAngle: 89
  m_LightmapParameters: {fileID: 0}
  m_SortingLayerID: 0
  m_SortingLayer: 0
  m_SortingOrder: 0
--- !u!33 &1195749091
MeshFilter:
  m_ObjectHideFlags: 0
  m_CorrespondingSourceObject: {fileID: 3300000, guid: 83c5f60dbde1ee84d810e2a742e4276e,
    type: 3}
  m_PrefabInternal: {fileID: 0}
  m_GameObject: {fileID: 1195749086}
  m_Mesh: {fileID: 4300000, guid: 83c5f60dbde1ee84d810e2a742e4276e, type: 3}
--- !u!114 &1195749092
MonoBehaviour:
  m_ObjectHideFlags: 0
  m_CorrespondingSourceObject: {fileID: 0}
  m_PrefabInternal: {fileID: 0}
  m_GameObject: {fileID: 1195749086}
  m_Enabled: 1
  m_EditorHideFlags: 0
  m_Script: {fileID: 11500000, guid: 802fb631bf3d414478d36e2d114aed2e, type: 3}
  m_Name: 
  m_EditorClassIdentifier: 
  _targetTransform: {fileID: 0}
  _events:
    _engaged:
      m_PersistentCalls:
        m_Calls: []
      m_TypeName: Meta.MetaInteractionDataEvent, Assembly-CSharp, Version=0.0.0.0,
        Culture=neutral, PublicKeyToken=null
    _disengaged:
      m_PersistentCalls:
        m_Calls: []
      m_TypeName: Meta.MetaInteractionDataEvent, Assembly-CSharp, Version=0.0.0.0,
        Culture=neutral, PublicKeyToken=null
    _hoverStart:
      m_PersistentCalls:
        m_Calls: []
      m_TypeName: Meta.MetaInteractionDataEvent, Assembly-CSharp, Version=0.0.0.0,
        Culture=neutral, PublicKeyToken=null
    _hoverEnd:
      m_PersistentCalls:
        m_Calls: []
      m_TypeName: Meta.MetaInteractionDataEvent, Assembly-CSharp, Version=0.0.0.0,
        Culture=neutral, PublicKeyToken=null
  _minSize: {x: 0.3, y: 0.3}
  _maxSize: {x: 2, y: 2}
  _scaleSizeDelta: 0
  _scaleChanged:
    m_PersistentCalls:
      m_Calls: []
    m_TypeName: Meta.Vector3UnityEvent, Assembly-CSharp, Version=0.0.0.0, Culture=neutral,
      PublicKeyToken=null
  _exponentialScaling: 0
--- !u!114 &1195749093
MonoBehaviour:
  m_ObjectHideFlags: 0
  m_CorrespondingSourceObject: {fileID: 0}
  m_PrefabInternal: {fileID: 0}
  m_GameObject: {fileID: 1195749086}
  m_Enabled: 1
  m_EditorHideFlags: 0
  m_Script: {fileID: 11500000, guid: ea67a886b13fbff4395b0caf9c5a041f, type: 3}
  m_Name: 
  m_EditorClassIdentifier: 
  _targetTransform: {fileID: 0}
  _events:
    _engaged:
      m_PersistentCalls:
        m_Calls: []
      m_TypeName: Meta.MetaInteractionDataEvent, Assembly-CSharp, Version=0.0.0.0,
        Culture=neutral, PublicKeyToken=null
    _disengaged:
      m_PersistentCalls:
        m_Calls: []
      m_TypeName: Meta.MetaInteractionDataEvent, Assembly-CSharp, Version=0.0.0.0,
        Culture=neutral, PublicKeyToken=null
    _hoverStart:
      m_PersistentCalls:
        m_Calls: []
      m_TypeName: Meta.MetaInteractionDataEvent, Assembly-CSharp, Version=0.0.0.0,
        Culture=neutral, PublicKeyToken=null
    _hoverEnd:
      m_PersistentCalls:
        m_Calls: []
      m_TypeName: Meta.MetaInteractionDataEvent, Assembly-CSharp, Version=0.0.0.0,
        Culture=neutral, PublicKeyToken=null
--- !u!1 &1229340653 stripped
GameObject:
  m_CorrespondingSourceObject: {fileID: 100000, guid: 6680e6e93f8b44bb7a024e58cfb8661e,
    type: 3}
  m_PrefabInternal: {fileID: 237093435}
--- !u!54 &1229340654
Rigidbody:
  m_ObjectHideFlags: 0
  m_CorrespondingSourceObject: {fileID: 0}
  m_PrefabInternal: {fileID: 0}
  m_GameObject: {fileID: 1229340653}
  serializedVersion: 2
  m_Mass: 1
  m_Drag: 5
  m_AngularDrag: 5
  m_UseGravity: 0
  m_IsKinematic: 1
  m_Interpolate: 0
  m_Constraints: 0
  m_CollisionDetection: 0
--- !u!64 &1229340655
MeshCollider:
  m_ObjectHideFlags: 0
  m_CorrespondingSourceObject: {fileID: 0}
  m_PrefabInternal: {fileID: 0}
  m_GameObject: {fileID: 1229340653}
  m_Material: {fileID: 0}
  m_IsTrigger: 0
  m_Enabled: 1
  serializedVersion: 3
  m_Convex: 0
  m_CookingOptions: 14
  m_SkinWidth: 0.01
  m_Mesh: {fileID: 4300000, guid: 6680e6e93f8b44bb7a024e58cfb8661e, type: 3}
--- !u!114 &1229340656
MonoBehaviour:
  m_ObjectHideFlags: 0
  m_CorrespondingSourceObject: {fileID: 0}
  m_PrefabInternal: {fileID: 0}
  m_GameObject: {fileID: 1229340653}
  m_Enabled: 1
  m_EditorHideFlags: 0
  m_Script: {fileID: 11500000, guid: 45bd94a85c17ec4418225806a214312f, type: 3}
  m_Name: 
  m_EditorClassIdentifier: 
  _targetTransform: {fileID: 0}
  _events:
    _engaged:
      m_PersistentCalls:
        m_Calls: []
      m_TypeName: Meta.MetaInteractionDataEvent, Assembly-CSharp, Version=0.0.0.0,
        Culture=neutral, PublicKeyToken=null
    _disengaged:
      m_PersistentCalls:
        m_Calls: []
      m_TypeName: Meta.MetaInteractionDataEvent, Assembly-CSharp, Version=0.0.0.0,
        Culture=neutral, PublicKeyToken=null
    _hoverStart:
      m_PersistentCalls:
        m_Calls: []
      m_TypeName: Meta.MetaInteractionDataEvent, Assembly-CSharp, Version=0.0.0.0,
        Culture=neutral, PublicKeyToken=null
    _hoverEnd:
      m_PersistentCalls:
        m_Calls: []
      m_TypeName: Meta.MetaInteractionDataEvent, Assembly-CSharp, Version=0.0.0.0,
        Culture=neutral, PublicKeyToken=null
--- !u!114 &1229340657
MonoBehaviour:
  m_ObjectHideFlags: 0
  m_CorrespondingSourceObject: {fileID: 0}
  m_PrefabInternal: {fileID: 0}
  m_GameObject: {fileID: 1229340653}
  m_Enabled: 1
  m_EditorHideFlags: 0
  m_Script: {fileID: 11500000, guid: ea67a886b13fbff4395b0caf9c5a041f, type: 3}
  m_Name: 
  m_EditorClassIdentifier: 
  _targetTransform: {fileID: 0}
  _events:
    _engaged:
      m_PersistentCalls:
        m_Calls: []
      m_TypeName: Meta.MetaInteractionDataEvent, Assembly-CSharp, Version=0.0.0.0,
        Culture=neutral, PublicKeyToken=null
    _disengaged:
      m_PersistentCalls:
        m_Calls: []
      m_TypeName: Meta.MetaInteractionDataEvent, Assembly-CSharp, Version=0.0.0.0,
        Culture=neutral, PublicKeyToken=null
    _hoverStart:
      m_PersistentCalls:
        m_Calls: []
      m_TypeName: Meta.MetaInteractionDataEvent, Assembly-CSharp, Version=0.0.0.0,
        Culture=neutral, PublicKeyToken=null
    _hoverEnd:
      m_PersistentCalls:
        m_Calls: []
      m_TypeName: Meta.MetaInteractionDataEvent, Assembly-CSharp, Version=0.0.0.0,
        Culture=neutral, PublicKeyToken=null
--- !u!114 &1229340658
MonoBehaviour:
  m_ObjectHideFlags: 0
  m_CorrespondingSourceObject: {fileID: 0}
  m_PrefabInternal: {fileID: 0}
  m_GameObject: {fileID: 1229340653}
  m_Enabled: 1
  m_EditorHideFlags: 0
  m_Script: {fileID: 11500000, guid: 802fb631bf3d414478d36e2d114aed2e, type: 3}
  m_Name: 
  m_EditorClassIdentifier: 
  _targetTransform: {fileID: 0}
  _events:
    _engaged:
      m_PersistentCalls:
        m_Calls: []
      m_TypeName: Meta.MetaInteractionDataEvent, Assembly-CSharp, Version=0.0.0.0,
        Culture=neutral, PublicKeyToken=null
    _disengaged:
      m_PersistentCalls:
        m_Calls: []
      m_TypeName: Meta.MetaInteractionDataEvent, Assembly-CSharp, Version=0.0.0.0,
        Culture=neutral, PublicKeyToken=null
    _hoverStart:
      m_PersistentCalls:
        m_Calls: []
      m_TypeName: Meta.MetaInteractionDataEvent, Assembly-CSharp, Version=0.0.0.0,
        Culture=neutral, PublicKeyToken=null
    _hoverEnd:
      m_PersistentCalls:
        m_Calls: []
      m_TypeName: Meta.MetaInteractionDataEvent, Assembly-CSharp, Version=0.0.0.0,
        Culture=neutral, PublicKeyToken=null
  _minSize: {x: 0.3, y: 0.3}
  _maxSize: {x: 2, y: 2}
  _scaleSizeDelta: 0
  _scaleChanged:
    m_PersistentCalls:
      m_Calls: []
    m_TypeName: Meta.Vector3UnityEvent, Assembly-CSharp, Version=0.0.0.0, Culture=neutral,
      PublicKeyToken=null
  _exponentialScaling: 0
--- !u!1001 &1234555354
Prefab:
  m_ObjectHideFlags: 0
  serializedVersion: 2
  m_Modification:
    m_TransformParent: {fileID: 1386177905}
    m_Modifications:
    - target: {fileID: 400002, guid: b2710f8746c824e54822172732d96c6a, type: 3}
      propertyPath: m_LocalPosition.x
      value: 0
      objectReference: {fileID: 0}
    - target: {fileID: 400002, guid: b2710f8746c824e54822172732d96c6a, type: 3}
      propertyPath: m_LocalPosition.y
      value: 0
      objectReference: {fileID: 0}
    - target: {fileID: 400002, guid: b2710f8746c824e54822172732d96c6a, type: 3}
      propertyPath: m_LocalPosition.z
      value: 0
      objectReference: {fileID: 0}
    - target: {fileID: 400002, guid: b2710f8746c824e54822172732d96c6a, type: 3}
      propertyPath: m_LocalRotation.x
      value: -0
      objectReference: {fileID: 0}
    - target: {fileID: 400002, guid: b2710f8746c824e54822172732d96c6a, type: 3}
      propertyPath: m_LocalRotation.y
      value: -0
      objectReference: {fileID: 0}
    - target: {fileID: 400002, guid: b2710f8746c824e54822172732d96c6a, type: 3}
      propertyPath: m_LocalRotation.z
      value: -0
      objectReference: {fileID: 0}
    - target: {fileID: 400002, guid: b2710f8746c824e54822172732d96c6a, type: 3}
      propertyPath: m_LocalRotation.w
      value: 1
      objectReference: {fileID: 0}
    - target: {fileID: 400002, guid: b2710f8746c824e54822172732d96c6a, type: 3}
      propertyPath: m_RootOrder
      value: 4
      objectReference: {fileID: 0}
    - target: {fileID: 2300000, guid: b2710f8746c824e54822172732d96c6a, type: 3}
      propertyPath: m_Materials.Array.data[0]
      value: 
      objectReference: {fileID: 2100000, guid: a03be886eb2204bdb87f2ca8e236e184, type: 2}
    - target: {fileID: 100002, guid: b2710f8746c824e54822172732d96c6a, type: 3}
      propertyPath: m_IsActive
      value: 1
      objectReference: {fileID: 0}
    m_RemovedComponents: []
  m_SourcePrefab: {fileID: 100100000, guid: b2710f8746c824e54822172732d96c6a, type: 3}
  m_IsPrefabAsset: 0
--- !u!4 &1234555355 stripped
Transform:
  m_CorrespondingSourceObject: {fileID: 400002, guid: b2710f8746c824e54822172732d96c6a,
    type: 3}
  m_PrefabInternal: {fileID: 1234555354}
--- !u!1 &1286962503 stripped
GameObject:
  m_CorrespondingSourceObject: {fileID: 100000, guid: 1ab56ed5ea5f743d4a433aaadcb5444b,
    type: 3}
  m_PrefabInternal: {fileID: 1127819858}
--- !u!64 &1286962507
MeshCollider:
  m_ObjectHideFlags: 0
  m_CorrespondingSourceObject: {fileID: 0}
  m_PrefabInternal: {fileID: 0}
  m_GameObject: {fileID: 1286962503}
  m_Material: {fileID: 0}
  m_IsTrigger: 0
  m_Enabled: 1
  serializedVersion: 3
  m_Convex: 0
  m_CookingOptions: 14
  m_SkinWidth: 0.01
  m_Mesh: {fileID: 4300000, guid: 1ab56ed5ea5f743d4a433aaadcb5444b, type: 3}
--- !u!54 &1286962508
Rigidbody:
  m_ObjectHideFlags: 0
  m_CorrespondingSourceObject: {fileID: 0}
  m_PrefabInternal: {fileID: 0}
  m_GameObject: {fileID: 1286962503}
  serializedVersion: 2
  m_Mass: 1
  m_Drag: 5
  m_AngularDrag: 5
  m_UseGravity: 0
  m_IsKinematic: 1
  m_Interpolate: 0
  m_Constraints: 0
  m_CollisionDetection: 0
--- !u!114 &1286962509
MonoBehaviour:
  m_ObjectHideFlags: 0
  m_CorrespondingSourceObject: {fileID: 0}
  m_PrefabInternal: {fileID: 0}
  m_GameObject: {fileID: 1286962503}
  m_Enabled: 1
  m_EditorHideFlags: 0
  m_Script: {fileID: 11500000, guid: ea67a886b13fbff4395b0caf9c5a041f, type: 3}
  m_Name: 
  m_EditorClassIdentifier: 
  _targetTransform: {fileID: 0}
  _events:
    _engaged:
      m_PersistentCalls:
        m_Calls: []
      m_TypeName: Meta.MetaInteractionDataEvent, Assembly-CSharp, Version=0.0.0.0,
        Culture=neutral, PublicKeyToken=null
    _disengaged:
      m_PersistentCalls:
        m_Calls: []
      m_TypeName: Meta.MetaInteractionDataEvent, Assembly-CSharp, Version=0.0.0.0,
        Culture=neutral, PublicKeyToken=null
    _hoverStart:
      m_PersistentCalls:
        m_Calls: []
      m_TypeName: Meta.MetaInteractionDataEvent, Assembly-CSharp, Version=0.0.0.0,
        Culture=neutral, PublicKeyToken=null
    _hoverEnd:
      m_PersistentCalls:
        m_Calls: []
      m_TypeName: Meta.MetaInteractionDataEvent, Assembly-CSharp, Version=0.0.0.0,
        Culture=neutral, PublicKeyToken=null
--- !u!114 &1286962510
MonoBehaviour:
  m_ObjectHideFlags: 0
  m_CorrespondingSourceObject: {fileID: 0}
  m_PrefabInternal: {fileID: 0}
  m_GameObject: {fileID: 1286962503}
  m_Enabled: 1
  m_EditorHideFlags: 0
  m_Script: {fileID: 11500000, guid: 802fb631bf3d414478d36e2d114aed2e, type: 3}
  m_Name: 
  m_EditorClassIdentifier: 
  _targetTransform: {fileID: 0}
  _events:
    _engaged:
      m_PersistentCalls:
        m_Calls: []
      m_TypeName: Meta.MetaInteractionDataEvent, Assembly-CSharp, Version=0.0.0.0,
        Culture=neutral, PublicKeyToken=null
    _disengaged:
      m_PersistentCalls:
        m_Calls: []
      m_TypeName: Meta.MetaInteractionDataEvent, Assembly-CSharp, Version=0.0.0.0,
        Culture=neutral, PublicKeyToken=null
    _hoverStart:
      m_PersistentCalls:
        m_Calls: []
      m_TypeName: Meta.MetaInteractionDataEvent, Assembly-CSharp, Version=0.0.0.0,
        Culture=neutral, PublicKeyToken=null
    _hoverEnd:
      m_PersistentCalls:
        m_Calls: []
      m_TypeName: Meta.MetaInteractionDataEvent, Assembly-CSharp, Version=0.0.0.0,
        Culture=neutral, PublicKeyToken=null
  _minSize: {x: 0.3, y: 0.3}
  _maxSize: {x: 2, y: 2}
  _scaleSizeDelta: 0
  _scaleChanged:
    m_PersistentCalls:
      m_Calls: []
    m_TypeName: Meta.Vector3UnityEvent, Assembly-CSharp, Version=0.0.0.0, Culture=neutral,
      PublicKeyToken=null
  _exponentialScaling: 0
--- !u!114 &1286962511
MonoBehaviour:
  m_ObjectHideFlags: 0
  m_CorrespondingSourceObject: {fileID: 0}
  m_PrefabInternal: {fileID: 0}
  m_GameObject: {fileID: 1286962503}
  m_Enabled: 1
  m_EditorHideFlags: 0
  m_Script: {fileID: 11500000, guid: 45bd94a85c17ec4418225806a214312f, type: 3}
  m_Name: 
  m_EditorClassIdentifier: 
  _targetTransform: {fileID: 0}
  _events:
    _engaged:
      m_PersistentCalls:
        m_Calls: []
      m_TypeName: Meta.MetaInteractionDataEvent, Assembly-CSharp, Version=0.0.0.0,
        Culture=neutral, PublicKeyToken=null
    _disengaged:
      m_PersistentCalls:
        m_Calls: []
      m_TypeName: Meta.MetaInteractionDataEvent, Assembly-CSharp, Version=0.0.0.0,
        Culture=neutral, PublicKeyToken=null
    _hoverStart:
      m_PersistentCalls:
        m_Calls: []
      m_TypeName: Meta.MetaInteractionDataEvent, Assembly-CSharp, Version=0.0.0.0,
        Culture=neutral, PublicKeyToken=null
    _hoverEnd:
      m_PersistentCalls:
        m_Calls: []
      m_TypeName: Meta.MetaInteractionDataEvent, Assembly-CSharp, Version=0.0.0.0,
        Culture=neutral, PublicKeyToken=null
--- !u!1 &1292072679 stripped
GameObject:
  m_CorrespondingSourceObject: {fileID: 100000, guid: 3f9e27ed9341b447f9d33c83ca46aacd,
    type: 3}
  m_PrefabInternal: {fileID: 1975473128}
--- !u!114 &1292072681
MonoBehaviour:
  m_ObjectHideFlags: 0
  m_CorrespondingSourceObject: {fileID: 0}
  m_PrefabInternal: {fileID: 0}
  m_GameObject: {fileID: 1292072679}
  m_Enabled: 1
  m_EditorHideFlags: 0
  m_Script: {fileID: 11500000, guid: 45bd94a85c17ec4418225806a214312f, type: 3}
  m_Name: 
  m_EditorClassIdentifier: 
  _targetTransform: {fileID: 0}
  _events:
    _engaged:
      m_PersistentCalls:
        m_Calls: []
      m_TypeName: Meta.MetaInteractionDataEvent, Assembly-CSharp, Version=0.0.0.0,
        Culture=neutral, PublicKeyToken=null
    _disengaged:
      m_PersistentCalls:
        m_Calls: []
      m_TypeName: Meta.MetaInteractionDataEvent, Assembly-CSharp, Version=0.0.0.0,
        Culture=neutral, PublicKeyToken=null
    _hoverStart:
      m_PersistentCalls:
        m_Calls: []
      m_TypeName: Meta.MetaInteractionDataEvent, Assembly-CSharp, Version=0.0.0.0,
        Culture=neutral, PublicKeyToken=null
    _hoverEnd:
      m_PersistentCalls:
        m_Calls: []
      m_TypeName: Meta.MetaInteractionDataEvent, Assembly-CSharp, Version=0.0.0.0,
        Culture=neutral, PublicKeyToken=null
--- !u!114 &1292072682
MonoBehaviour:
  m_ObjectHideFlags: 0
  m_CorrespondingSourceObject: {fileID: 0}
  m_PrefabInternal: {fileID: 0}
  m_GameObject: {fileID: 1292072679}
  m_Enabled: 1
  m_EditorHideFlags: 0
  m_Script: {fileID: 11500000, guid: ea67a886b13fbff4395b0caf9c5a041f, type: 3}
  m_Name: 
  m_EditorClassIdentifier: 
  _targetTransform: {fileID: 0}
  _events:
    _engaged:
      m_PersistentCalls:
        m_Calls: []
      m_TypeName: Meta.MetaInteractionDataEvent, Assembly-CSharp, Version=0.0.0.0,
        Culture=neutral, PublicKeyToken=null
    _disengaged:
      m_PersistentCalls:
        m_Calls: []
      m_TypeName: Meta.MetaInteractionDataEvent, Assembly-CSharp, Version=0.0.0.0,
        Culture=neutral, PublicKeyToken=null
    _hoverStart:
      m_PersistentCalls:
        m_Calls: []
      m_TypeName: Meta.MetaInteractionDataEvent, Assembly-CSharp, Version=0.0.0.0,
        Culture=neutral, PublicKeyToken=null
    _hoverEnd:
      m_PersistentCalls:
        m_Calls: []
      m_TypeName: Meta.MetaInteractionDataEvent, Assembly-CSharp, Version=0.0.0.0,
        Culture=neutral, PublicKeyToken=null
--- !u!64 &1292072683
MeshCollider:
  m_ObjectHideFlags: 0
  m_CorrespondingSourceObject: {fileID: 0}
  m_PrefabInternal: {fileID: 0}
  m_GameObject: {fileID: 1292072679}
  m_Material: {fileID: 0}
  m_IsTrigger: 0
  m_Enabled: 1
  serializedVersion: 3
  m_Convex: 0
  m_CookingOptions: 14
  m_SkinWidth: 0.01
  m_Mesh: {fileID: 4300000, guid: 3f9e27ed9341b447f9d33c83ca46aacd, type: 3}
--- !u!54 &1292072684
Rigidbody:
  m_ObjectHideFlags: 0
  m_CorrespondingSourceObject: {fileID: 0}
  m_PrefabInternal: {fileID: 0}
  m_GameObject: {fileID: 1292072679}
  serializedVersion: 2
  m_Mass: 1
  m_Drag: 5
  m_AngularDrag: 5
  m_UseGravity: 0
  m_IsKinematic: 1
  m_Interpolate: 0
  m_Constraints: 0
  m_CollisionDetection: 0
--- !u!114 &1292072685
MonoBehaviour:
  m_ObjectHideFlags: 0
  m_CorrespondingSourceObject: {fileID: 0}
  m_PrefabInternal: {fileID: 0}
  m_GameObject: {fileID: 1292072679}
  m_Enabled: 1
  m_EditorHideFlags: 0
  m_Script: {fileID: 11500000, guid: ea67a886b13fbff4395b0caf9c5a041f, type: 3}
  m_Name: 
  m_EditorClassIdentifier: 
  _targetTransform: {fileID: 0}
  _events:
    _engaged:
      m_PersistentCalls:
        m_Calls: []
      m_TypeName: Meta.MetaInteractionDataEvent, Assembly-CSharp, Version=0.0.0.0,
        Culture=neutral, PublicKeyToken=null
    _disengaged:
      m_PersistentCalls:
        m_Calls: []
      m_TypeName: Meta.MetaInteractionDataEvent, Assembly-CSharp, Version=0.0.0.0,
        Culture=neutral, PublicKeyToken=null
    _hoverStart:
      m_PersistentCalls:
        m_Calls: []
      m_TypeName: Meta.MetaInteractionDataEvent, Assembly-CSharp, Version=0.0.0.0,
        Culture=neutral, PublicKeyToken=null
    _hoverEnd:
      m_PersistentCalls:
        m_Calls: []
      m_TypeName: Meta.MetaInteractionDataEvent, Assembly-CSharp, Version=0.0.0.0,
        Culture=neutral, PublicKeyToken=null
--- !u!114 &1292072686
MonoBehaviour:
  m_ObjectHideFlags: 0
  m_CorrespondingSourceObject: {fileID: 0}
  m_PrefabInternal: {fileID: 0}
  m_GameObject: {fileID: 1292072679}
  m_Enabled: 1
  m_EditorHideFlags: 0
  m_Script: {fileID: 11500000, guid: 802fb631bf3d414478d36e2d114aed2e, type: 3}
  m_Name: 
  m_EditorClassIdentifier: 
  _targetTransform: {fileID: 0}
  _events:
    _engaged:
      m_PersistentCalls:
        m_Calls: []
      m_TypeName: Meta.MetaInteractionDataEvent, Assembly-CSharp, Version=0.0.0.0,
        Culture=neutral, PublicKeyToken=null
    _disengaged:
      m_PersistentCalls:
        m_Calls: []
      m_TypeName: Meta.MetaInteractionDataEvent, Assembly-CSharp, Version=0.0.0.0,
        Culture=neutral, PublicKeyToken=null
    _hoverStart:
      m_PersistentCalls:
        m_Calls: []
      m_TypeName: Meta.MetaInteractionDataEvent, Assembly-CSharp, Version=0.0.0.0,
        Culture=neutral, PublicKeyToken=null
    _hoverEnd:
      m_PersistentCalls:
        m_Calls: []
      m_TypeName: Meta.MetaInteractionDataEvent, Assembly-CSharp, Version=0.0.0.0,
        Culture=neutral, PublicKeyToken=null
  _minSize: {x: 0.3, y: 0.3}
  _maxSize: {x: 2, y: 2}
  _scaleSizeDelta: 0
  _scaleChanged:
    m_PersistentCalls:
      m_Calls: []
    m_TypeName: Meta.Vector3UnityEvent, Assembly-CSharp, Version=0.0.0.0, Culture=neutral,
      PublicKeyToken=null
  _exponentialScaling: 0
--- !u!114 &1292072687
MonoBehaviour:
  m_ObjectHideFlags: 0
  m_CorrespondingSourceObject: {fileID: 0}
  m_PrefabInternal: {fileID: 0}
  m_GameObject: {fileID: 1292072679}
  m_Enabled: 1
  m_EditorHideFlags: 0
  m_Script: {fileID: 11500000, guid: 45bd94a85c17ec4418225806a214312f, type: 3}
  m_Name: 
  m_EditorClassIdentifier: 
  _targetTransform: {fileID: 0}
  _events:
    _engaged:
      m_PersistentCalls:
        m_Calls: []
      m_TypeName: Meta.MetaInteractionDataEvent, Assembly-CSharp, Version=0.0.0.0,
        Culture=neutral, PublicKeyToken=null
    _disengaged:
      m_PersistentCalls:
        m_Calls: []
      m_TypeName: Meta.MetaInteractionDataEvent, Assembly-CSharp, Version=0.0.0.0,
        Culture=neutral, PublicKeyToken=null
    _hoverStart:
      m_PersistentCalls:
        m_Calls: []
      m_TypeName: Meta.MetaInteractionDataEvent, Assembly-CSharp, Version=0.0.0.0,
        Culture=neutral, PublicKeyToken=null
    _hoverEnd:
      m_PersistentCalls:
        m_Calls: []
      m_TypeName: Meta.MetaInteractionDataEvent, Assembly-CSharp, Version=0.0.0.0,
        Culture=neutral, PublicKeyToken=null
--- !u!114 &1292072688
MonoBehaviour:
  m_ObjectHideFlags: 0
  m_CorrespondingSourceObject: {fileID: 0}
  m_PrefabInternal: {fileID: 0}
  m_GameObject: {fileID: 1292072679}
  m_Enabled: 1
  m_EditorHideFlags: 0
  m_Script: {fileID: 11500000, guid: 802fb631bf3d414478d36e2d114aed2e, type: 3}
  m_Name: 
  m_EditorClassIdentifier: 
  _targetTransform: {fileID: 0}
  _events:
    _engaged:
      m_PersistentCalls:
        m_Calls: []
      m_TypeName: Meta.MetaInteractionDataEvent, Assembly-CSharp, Version=0.0.0.0,
        Culture=neutral, PublicKeyToken=null
    _disengaged:
      m_PersistentCalls:
        m_Calls: []
      m_TypeName: Meta.MetaInteractionDataEvent, Assembly-CSharp, Version=0.0.0.0,
        Culture=neutral, PublicKeyToken=null
    _hoverStart:
      m_PersistentCalls:
        m_Calls: []
      m_TypeName: Meta.MetaInteractionDataEvent, Assembly-CSharp, Version=0.0.0.0,
        Culture=neutral, PublicKeyToken=null
    _hoverEnd:
      m_PersistentCalls:
        m_Calls: []
      m_TypeName: Meta.MetaInteractionDataEvent, Assembly-CSharp, Version=0.0.0.0,
        Culture=neutral, PublicKeyToken=null
  _minSize: {x: 0.3, y: 0.3}
  _maxSize: {x: 2, y: 2}
  _scaleSizeDelta: 0
  _scaleChanged:
    m_PersistentCalls:
      m_Calls: []
    m_TypeName: Meta.Vector3UnityEvent, Assembly-CSharp, Version=0.0.0.0, Culture=neutral,
      PublicKeyToken=null
  _exponentialScaling: 0
--- !u!1 &1386177904
GameObject:
  m_ObjectHideFlags: 0
  m_CorrespondingSourceObject: {fileID: 0}
  m_PrefabInternal: {fileID: 0}
  serializedVersion: 6
  m_Component:
  - component: {fileID: 1386177905}
  m_Layer: 0
  m_Name: Brain
  m_TagString: Untagged
  m_Icon: {fileID: 0}
  m_NavMeshLayer: 0
  m_StaticEditorFlags: 0
  m_IsActive: 1
--- !u!4 &1386177905
Transform:
  m_ObjectHideFlags: 0
  m_CorrespondingSourceObject: {fileID: 0}
  m_PrefabInternal: {fileID: 0}
  m_GameObject: {fileID: 1386177904}
  m_LocalRotation: {x: 0, y: 1, z: 0, w: 0}
  m_LocalPosition: {x: 0, y: -0.25, z: 1.771}
  m_LocalScale: {x: 0.005, y: 0.005, z: 0.005}
  m_Children:
  - {fileID: 1975473129}
  - {fileID: 306404220}
  - {fileID: 1905658862}
  - {fileID: 237093436}
  - {fileID: 1234555355}
  - {fileID: 1131681885}
  - {fileID: 1070071811}
  - {fileID: 851360187}
  - {fileID: 1127819859}
  m_Father: {fileID: 0}
  m_RootOrder: 5
  m_LocalEulerAnglesHint: {x: 0, y: 180, z: 0}
--- !u!1001 &1905658861
Prefab:
  m_ObjectHideFlags: 0
  serializedVersion: 2
  m_Modification:
    m_TransformParent: {fileID: 1386177905}
    m_Modifications:
    - target: {fileID: 400002, guid: fdf0f3484ff9c4ad2bcdcbba60007e29, type: 3}
      propertyPath: m_LocalPosition.x
      value: 0
      objectReference: {fileID: 0}
    - target: {fileID: 400002, guid: fdf0f3484ff9c4ad2bcdcbba60007e29, type: 3}
      propertyPath: m_LocalPosition.y
      value: 0
      objectReference: {fileID: 0}
    - target: {fileID: 400002, guid: fdf0f3484ff9c4ad2bcdcbba60007e29, type: 3}
      propertyPath: m_LocalPosition.z
      value: 0
      objectReference: {fileID: 0}
    - target: {fileID: 400002, guid: fdf0f3484ff9c4ad2bcdcbba60007e29, type: 3}
      propertyPath: m_LocalRotation.x
      value: -0
      objectReference: {fileID: 0}
    - target: {fileID: 400002, guid: fdf0f3484ff9c4ad2bcdcbba60007e29, type: 3}
      propertyPath: m_LocalRotation.y
      value: -0
      objectReference: {fileID: 0}
    - target: {fileID: 400002, guid: fdf0f3484ff9c4ad2bcdcbba60007e29, type: 3}
      propertyPath: m_LocalRotation.z
      value: -0
      objectReference: {fileID: 0}
    - target: {fileID: 400002, guid: fdf0f3484ff9c4ad2bcdcbba60007e29, type: 3}
      propertyPath: m_LocalRotation.w
      value: 1
      objectReference: {fileID: 0}
    - target: {fileID: 400002, guid: fdf0f3484ff9c4ad2bcdcbba60007e29, type: 3}
      propertyPath: m_RootOrder
      value: 2
      objectReference: {fileID: 0}
    - target: {fileID: 2300000, guid: fdf0f3484ff9c4ad2bcdcbba60007e29, type: 3}
      propertyPath: m_Materials.Array.data[0]
      value: 
      objectReference: {fileID: 2100000, guid: 5942ed6f0050848d3ac95677845c04ad, type: 2}
    - target: {fileID: 100002, guid: fdf0f3484ff9c4ad2bcdcbba60007e29, type: 3}
      propertyPath: m_IsActive
      value: 1
      objectReference: {fileID: 0}
    m_RemovedComponents: []
  m_SourcePrefab: {fileID: 100100000, guid: fdf0f3484ff9c4ad2bcdcbba60007e29, type: 3}
  m_IsPrefabAsset: 0
--- !u!4 &1905658862 stripped
Transform:
  m_CorrespondingSourceObject: {fileID: 400002, guid: fdf0f3484ff9c4ad2bcdcbba60007e29,
    type: 3}
  m_PrefabInternal: {fileID: 1905658861}
--- !u!1 &1905658863 stripped
GameObject:
  m_CorrespondingSourceObject: {fileID: 100000, guid: fdf0f3484ff9c4ad2bcdcbba60007e29,
    type: 3}
  m_PrefabInternal: {fileID: 1905658861}
--- !u!54 &1905658864
Rigidbody:
  m_ObjectHideFlags: 0
  m_CorrespondingSourceObject: {fileID: 0}
  m_PrefabInternal: {fileID: 0}
  m_GameObject: {fileID: 1905658863}
  serializedVersion: 2
  m_Mass: 1
  m_Drag: 5
  m_AngularDrag: 5
  m_UseGravity: 0
  m_IsKinematic: 1
  m_Interpolate: 0
  m_Constraints: 0
  m_CollisionDetection: 0
--- !u!114 &1905658865
MonoBehaviour:
  m_ObjectHideFlags: 0
  m_CorrespondingSourceObject: {fileID: 0}
  m_PrefabInternal: {fileID: 0}
  m_GameObject: {fileID: 1905658863}
  m_Enabled: 1
  m_EditorHideFlags: 0
  m_Script: {fileID: 11500000, guid: 802fb631bf3d414478d36e2d114aed2e, type: 3}
  m_Name: 
  m_EditorClassIdentifier: 
  _targetTransform: {fileID: 0}
  _events:
    _engaged:
      m_PersistentCalls:
        m_Calls: []
      m_TypeName: Meta.MetaInteractionDataEvent, Assembly-CSharp, Version=0.0.0.0,
        Culture=neutral, PublicKeyToken=null
    _disengaged:
      m_PersistentCalls:
        m_Calls: []
      m_TypeName: Meta.MetaInteractionDataEvent, Assembly-CSharp, Version=0.0.0.0,
        Culture=neutral, PublicKeyToken=null
    _hoverStart:
      m_PersistentCalls:
        m_Calls: []
      m_TypeName: Meta.MetaInteractionDataEvent, Assembly-CSharp, Version=0.0.0.0,
        Culture=neutral, PublicKeyToken=null
    _hoverEnd:
      m_PersistentCalls:
        m_Calls: []
      m_TypeName: Meta.MetaInteractionDataEvent, Assembly-CSharp, Version=0.0.0.0,
        Culture=neutral, PublicKeyToken=null
  _minSize: {x: 0.3, y: 0.3}
  _maxSize: {x: 2, y: 2}
  _scaleSizeDelta: 0
  _scaleChanged:
    m_PersistentCalls:
      m_Calls: []
    m_TypeName: Meta.Vector3UnityEvent, Assembly-CSharp, Version=0.0.0.0, Culture=neutral,
      PublicKeyToken=null
  _exponentialScaling: 0
--- !u!114 &1905658866
MonoBehaviour:
  m_ObjectHideFlags: 0
  m_CorrespondingSourceObject: {fileID: 0}
  m_PrefabInternal: {fileID: 0}
  m_GameObject: {fileID: 1905658863}
  m_Enabled: 1
  m_EditorHideFlags: 0
  m_Script: {fileID: 11500000, guid: ea67a886b13fbff4395b0caf9c5a041f, type: 3}
  m_Name: 
  m_EditorClassIdentifier: 
  _targetTransform: {fileID: 0}
  _events:
    _engaged:
      m_PersistentCalls:
        m_Calls: []
      m_TypeName: Meta.MetaInteractionDataEvent, Assembly-CSharp, Version=0.0.0.0,
        Culture=neutral, PublicKeyToken=null
    _disengaged:
      m_PersistentCalls:
        m_Calls: []
      m_TypeName: Meta.MetaInteractionDataEvent, Assembly-CSharp, Version=0.0.0.0,
        Culture=neutral, PublicKeyToken=null
    _hoverStart:
      m_PersistentCalls:
        m_Calls: []
      m_TypeName: Meta.MetaInteractionDataEvent, Assembly-CSharp, Version=0.0.0.0,
        Culture=neutral, PublicKeyToken=null
    _hoverEnd:
      m_PersistentCalls:
        m_Calls: []
      m_TypeName: Meta.MetaInteractionDataEvent, Assembly-CSharp, Version=0.0.0.0,
        Culture=neutral, PublicKeyToken=null
--- !u!114 &1905658867
MonoBehaviour:
  m_ObjectHideFlags: 0
  m_CorrespondingSourceObject: {fileID: 0}
  m_PrefabInternal: {fileID: 0}
  m_GameObject: {fileID: 1905658863}
  m_Enabled: 1
  m_EditorHideFlags: 0
  m_Script: {fileID: 11500000, guid: 45bd94a85c17ec4418225806a214312f, type: 3}
  m_Name: 
  m_EditorClassIdentifier: 
  _targetTransform: {fileID: 0}
  _events:
    _engaged:
      m_PersistentCalls:
        m_Calls: []
      m_TypeName: Meta.MetaInteractionDataEvent, Assembly-CSharp, Version=0.0.0.0,
        Culture=neutral, PublicKeyToken=null
    _disengaged:
      m_PersistentCalls:
        m_Calls: []
      m_TypeName: Meta.MetaInteractionDataEvent, Assembly-CSharp, Version=0.0.0.0,
        Culture=neutral, PublicKeyToken=null
    _hoverStart:
      m_PersistentCalls:
        m_Calls: []
      m_TypeName: Meta.MetaInteractionDataEvent, Assembly-CSharp, Version=0.0.0.0,
        Culture=neutral, PublicKeyToken=null
    _hoverEnd:
      m_PersistentCalls:
        m_Calls: []
      m_TypeName: Meta.MetaInteractionDataEvent, Assembly-CSharp, Version=0.0.0.0,
        Culture=neutral, PublicKeyToken=null
--- !u!64 &1905658871
MeshCollider:
  m_ObjectHideFlags: 0
  m_CorrespondingSourceObject: {fileID: 0}
  m_PrefabInternal: {fileID: 0}
  m_GameObject: {fileID: 1905658863}
  m_Material: {fileID: 0}
  m_IsTrigger: 0
  m_Enabled: 1
  serializedVersion: 3
  m_Convex: 0
  m_CookingOptions: 14
  m_SkinWidth: 0.01
  m_Mesh: {fileID: 4300000, guid: fdf0f3484ff9c4ad2bcdcbba60007e29, type: 3}
--- !u!1 &1919886273
GameObject:
  m_ObjectHideFlags: 0
  m_CorrespondingSourceObject: {fileID: 100000, guid: 83c5f60dbde1ee84d810e2a742e4276e,
    type: 3}
  m_PrefabInternal: {fileID: 0}
  serializedVersion: 6
  m_Component:
  - component: {fileID: 1919886274}
  m_Layer: 0
  m_Name: Basic Sphere
  m_TagString: Untagged
  m_Icon: {fileID: 0}
  m_NavMeshLayer: 0
  m_StaticEditorFlags: 0
  m_IsActive: 1
--- !u!4 &1919886274
Transform:
  m_ObjectHideFlags: 0
  m_CorrespondingSourceObject: {fileID: 400000, guid: 83c5f60dbde1ee84d810e2a742e4276e,
    type: 3}
  m_PrefabInternal: {fileID: 0}
  m_GameObject: {fileID: 1919886273}
  m_LocalRotation: {x: 0, y: 0, z: 0, w: 1}
  m_LocalPosition: {x: 0.515, y: -0.196, z: 0.335}
  m_LocalScale: {x: 0.25, y: 0.25, z: 0.25}
  m_Children:
  - {fileID: 1195749087}
  m_Father: {fileID: 0}
  m_RootOrder: 2
  m_LocalEulerAnglesHint: {x: 0, y: 0, z: 0}
--- !u!1001 &1975473128
Prefab:
  m_ObjectHideFlags: 0
  serializedVersion: 2
  m_Modification:
    m_TransformParent: {fileID: 1386177905}
    m_Modifications:
    - target: {fileID: 400002, guid: 3f9e27ed9341b447f9d33c83ca46aacd, type: 3}
      propertyPath: m_LocalPosition.x
      value: 0
      objectReference: {fileID: 0}
    - target: {fileID: 400002, guid: 3f9e27ed9341b447f9d33c83ca46aacd, type: 3}
      propertyPath: m_LocalPosition.y
      value: 0
      objectReference: {fileID: 0}
    - target: {fileID: 400002, guid: 3f9e27ed9341b447f9d33c83ca46aacd, type: 3}
      propertyPath: m_LocalPosition.z
      value: 0
      objectReference: {fileID: 0}
    - target: {fileID: 400002, guid: 3f9e27ed9341b447f9d33c83ca46aacd, type: 3}
      propertyPath: m_LocalRotation.x
      value: -0
      objectReference: {fileID: 0}
    - target: {fileID: 400002, guid: 3f9e27ed9341b447f9d33c83ca46aacd, type: 3}
      propertyPath: m_LocalRotation.y
      value: -0
      objectReference: {fileID: 0}
    - target: {fileID: 400002, guid: 3f9e27ed9341b447f9d33c83ca46aacd, type: 3}
      propertyPath: m_LocalRotation.z
      value: -0
      objectReference: {fileID: 0}
    - target: {fileID: 400002, guid: 3f9e27ed9341b447f9d33c83ca46aacd, type: 3}
      propertyPath: m_LocalRotation.w
      value: 1
      objectReference: {fileID: 0}
    - target: {fileID: 400002, guid: 3f9e27ed9341b447f9d33c83ca46aacd, type: 3}
      propertyPath: m_RootOrder
      value: 0
      objectReference: {fileID: 0}
    - target: {fileID: 2300000, guid: 3f9e27ed9341b447f9d33c83ca46aacd, type: 3}
      propertyPath: m_Materials.Array.data[0]
      value: 
      objectReference: {fileID: 2100000, guid: 8b1bae9f9181c4632b71ea1f81ea5a63, type: 2}
    - target: {fileID: 100002, guid: 3f9e27ed9341b447f9d33c83ca46aacd, type: 3}
      propertyPath: m_IsActive
      value: 1
      objectReference: {fileID: 0}
    m_RemovedComponents: []
  m_SourcePrefab: {fileID: 100100000, guid: 3f9e27ed9341b447f9d33c83ca46aacd, type: 3}
  m_IsPrefabAsset: 0
--- !u!4 &1975473129 stripped
Transform:
  m_CorrespondingSourceObject: {fileID: 400002, guid: 3f9e27ed9341b447f9d33c83ca46aacd,
    type: 3}
  m_PrefabInternal: {fileID: 1975473128}
--- !u!1 &2104117468 stripped
GameObject:
  m_CorrespondingSourceObject: {fileID: 100000, guid: 9b10144e99bee4b9d9fbc73cc442f37c,
    type: 3}
  m_PrefabInternal: {fileID: 1070071810}
--- !u!64 &2104117472
MeshCollider:
  m_ObjectHideFlags: 0
  m_CorrespondingSourceObject: {fileID: 0}
  m_PrefabInternal: {fileID: 0}
  m_GameObject: {fileID: 2104117468}
  m_Material: {fileID: 0}
  m_IsTrigger: 0
  m_Enabled: 1
  serializedVersion: 3
  m_Convex: 0
  m_CookingOptions: 14
  m_SkinWidth: 0.01
  m_Mesh: {fileID: 4300000, guid: 9b10144e99bee4b9d9fbc73cc442f37c, type: 3}
--- !u!54 &2104117473
Rigidbody:
  m_ObjectHideFlags: 0
  m_CorrespondingSourceObject: {fileID: 0}
  m_PrefabInternal: {fileID: 0}
  m_GameObject: {fileID: 2104117468}
  serializedVersion: 2
  m_Mass: 1
  m_Drag: 5
  m_AngularDrag: 5
  m_UseGravity: 0
  m_IsKinematic: 1
  m_Interpolate: 0
  m_Constraints: 0
  m_CollisionDetection: 0
--- !u!114 &2104117474
MonoBehaviour:
  m_ObjectHideFlags: 0
  m_CorrespondingSourceObject: {fileID: 0}
  m_PrefabInternal: {fileID: 0}
  m_GameObject: {fileID: 2104117468}
  m_Enabled: 1
  m_EditorHideFlags: 0
  m_Script: {fileID: 11500000, guid: ea67a886b13fbff4395b0caf9c5a041f, type: 3}
  m_Name: 
  m_EditorClassIdentifier: 
  _targetTransform: {fileID: 0}
  _events:
    _engaged:
      m_PersistentCalls:
        m_Calls: []
      m_TypeName: Meta.MetaInteractionDataEvent, Assembly-CSharp, Version=0.0.0.0,
        Culture=neutral, PublicKeyToken=null
    _disengaged:
      m_PersistentCalls:
        m_Calls: []
      m_TypeName: Meta.MetaInteractionDataEvent, Assembly-CSharp, Version=0.0.0.0,
        Culture=neutral, PublicKeyToken=null
    _hoverStart:
      m_PersistentCalls:
        m_Calls: []
      m_TypeName: Meta.MetaInteractionDataEvent, Assembly-CSharp, Version=0.0.0.0,
        Culture=neutral, PublicKeyToken=null
    _hoverEnd:
      m_PersistentCalls:
        m_Calls: []
      m_TypeName: Meta.MetaInteractionDataEvent, Assembly-CSharp, Version=0.0.0.0,
        Culture=neutral, PublicKeyToken=null
--- !u!114 &2104117475
MonoBehaviour:
  m_ObjectHideFlags: 0
  m_CorrespondingSourceObject: {fileID: 0}
  m_PrefabInternal: {fileID: 0}
  m_GameObject: {fileID: 2104117468}
  m_Enabled: 1
  m_EditorHideFlags: 0
  m_Script: {fileID: 11500000, guid: 802fb631bf3d414478d36e2d114aed2e, type: 3}
  m_Name: 
  m_EditorClassIdentifier: 
  _targetTransform: {fileID: 0}
  _events:
    _engaged:
      m_PersistentCalls:
        m_Calls: []
      m_TypeName: Meta.MetaInteractionDataEvent, Assembly-CSharp, Version=0.0.0.0,
        Culture=neutral, PublicKeyToken=null
    _disengaged:
      m_PersistentCalls:
        m_Calls: []
      m_TypeName: Meta.MetaInteractionDataEvent, Assembly-CSharp, Version=0.0.0.0,
        Culture=neutral, PublicKeyToken=null
    _hoverStart:
      m_PersistentCalls:
        m_Calls: []
      m_TypeName: Meta.MetaInteractionDataEvent, Assembly-CSharp, Version=0.0.0.0,
        Culture=neutral, PublicKeyToken=null
    _hoverEnd:
      m_PersistentCalls:
        m_Calls: []
      m_TypeName: Meta.MetaInteractionDataEvent, Assembly-CSharp, Version=0.0.0.0,
        Culture=neutral, PublicKeyToken=null
  _minSize: {x: 0.3, y: 0.3}
  _maxSize: {x: 2, y: 2}
  _scaleSizeDelta: 0
  _scaleChanged:
    m_PersistentCalls:
      m_Calls: []
    m_TypeName: Meta.Vector3UnityEvent, Assembly-CSharp, Version=0.0.0.0, Culture=neutral,
      PublicKeyToken=null
  _exponentialScaling: 0
--- !u!114 &2104117476
MonoBehaviour:
  m_ObjectHideFlags: 0
  m_CorrespondingSourceObject: {fileID: 0}
  m_PrefabInternal: {fileID: 0}
  m_GameObject: {fileID: 2104117468}
  m_Enabled: 1
  m_EditorHideFlags: 0
  m_Script: {fileID: 11500000, guid: 45bd94a85c17ec4418225806a214312f, type: 3}
  m_Name: 
  m_EditorClassIdentifier: 
  _targetTransform: {fileID: 0}
  _events:
    _engaged:
      m_PersistentCalls:
        m_Calls: []
      m_TypeName: Meta.MetaInteractionDataEvent, Assembly-CSharp, Version=0.0.0.0,
        Culture=neutral, PublicKeyToken=null
    _disengaged:
      m_PersistentCalls:
        m_Calls: []
      m_TypeName: Meta.MetaInteractionDataEvent, Assembly-CSharp, Version=0.0.0.0,
        Culture=neutral, PublicKeyToken=null
    _hoverStart:
      m_PersistentCalls:
        m_Calls: []
      m_TypeName: Meta.MetaInteractionDataEvent, Assembly-CSharp, Version=0.0.0.0,
        Culture=neutral, PublicKeyToken=null
    _hoverEnd:
      m_PersistentCalls:
        m_Calls: []
      m_TypeName: Meta.MetaInteractionDataEvent, Assembly-CSharp, Version=0.0.0.0,
        Culture=neutral, PublicKeyToken=null
